4818 5800
820 1331 1419 1443 ¹Praefatio.

209 1577 416 1691 Novissime
437 1637 578 1710 tempore
606 1622 760 1711 philologi
787 1627 849 1690 arti
870 1645 948 1690 suae
970 1645 1088 1688 nomen
1116 1624 1270 1689 scientiae
1300 1621 1461 1688 vindicare
1489 1624 1595 1687 conati
1623 1633 1705 1688 stant.
1755 1619 1850 1702 Quod
1877 1648 1939 1714 quo
1962 1631 2036 1714 juro

211 1752 339 1816 omnino
353 1749 472 1814 lactum
493 1749 545 1828 sit,
567 1745 618 1812 hio
643 1745 789 1812 nolumus
811 1746 981 1832 disputare.
1025 1744 1062 1810 Si
1082 1759 1199 1824 autem,
1220 1744 1302 1832 quod
1324 1744 1439 1825 solent,
1461 1749 1493 1810 in
1515 1745 1739 1830 perscrutanda
1760 1752 1946 1836 antiquitate
1967 1752 2036 1820 lere

210 1879 333 1932 tantum
354 1877 504 1930 externas
526 1885 579 1928 res
600 1865 805 1952 investigant,
825 1862 1033 1950 neglectaque
1054 1861 1254 1948 philosophia
1275 1875 1307 1926 ct
1327 1861 1491 1949 theologia
1518 1865 1620 1950 magis
1644 1861 1757 1950 quihus
1784 1863 1865 1931 locis
1886 1880 1918 1932 ct
1937 1867 2036 1951 horis,

211 2005 304 2070 quam
326 1980 400 2069 qnid
422 1978 635 2068 philosophati
657 1983 730 2059 sint,
758 1994 925 2066 quaerunt,
945 1979 1106 2066 multoque
1129 1979 1248 2043 sudore
1266 1978 1454 2065 templorum
1475 1980 1646 2080 etalormas
1667 1993 1699 2044 et
1720 1998 1906 2049 ornamenta
1925 1987 2037 2074 explo-

209 2110 294 2176 rant,
314 2100 475 2174 incuriosi,
495 2097 651 2184 quomodo
671 2099 758 2182 ipsos
778 2095 869 2162 Deos
890 2094 1062 2173 coluerint,
1094 2095 1173 2160 mihi
1194 2095 1322 2195 qnidam
1342 2095 1399 2161 illo
1422 2098 1550 2161 nornine
1571 2095 1695 2183 indigni
1722 2097 1879 2168 videntur.
1920 2100 2036 2192 Singo-

209 2213 259 2280 las
280 2217 364 2280 eninr
386 2236 450 2292 res,
472 2235 552 2300 quae
574 2212 616 2278 ad
636 2216 792 2300 priimam
813 2227 846 2278 et
865 2212 1024 2298 publicam
1046 2214 1145 2278 vitam
1167 2211 1327 2278 hominnm
1349 2215 1524 2298 pertinent,
1554 2213 1722 2293 didicisse,
1742 2213 1869 2300 juvabit
1896 2221 2034 2305 quidem,

209 2331 268 2398 sed
289 2352 352 2396 non
375 2344 435 2408 est,
455 2353 511 2395 cur
531 2352 572 2395 ea
593 2330 771 2396 eruditione
793 2329 961 2396 admodum
982 2330 1166 2416 superbias,
1186 2343 1241 2394 aut
1269 2351 1323 2396 cur
1348 2328 1382 2393 id
1409 2331 1563 2394 scientiae
1591 2333 1718 2396 nomine
1747 2331 1874 2418 dignum
1903 2333 2033 2406 habena.

208 2446 292 2517 Natu
315 2451 368 2536 qui
388 2447 464 2512 inde
489 2447 529 2512 ad
551 2469 652 2534 genna
673 2447 843 2512 humanum
864 2445 1052 2523 redundent,
1072 2445 1192 2512 fructus
1214 2460 1287 2512 sunt
1308 2446 1500 2532 paucissimi.
1541 2443 1696 2512 Nestum
1718 2448 1842 2514 demum
1867 2455 2035 2540 antiquita·

209 2567 251 2630 tis
272 2566 410 2634 studium
431 2564 602 2630 adseram
632 2562 767 2630 salntem
791 2575 931 2629 nostram
959 2563 1067 2627 facere
1097 2564 1270 2642 credimus,
1300 2586 1393 2651 quum
1416 2585 1526 2628 corum
1552 2565 1749 2649 potissimum
1778 2568 1861 2631 ratio
1887 2567 2034 2652 hahetur,

209 2703 291 2769 quae
311 2681 354 2748 ad
372 2680 606 2768 philosophiam
628 2696 660 2748 ct
681 2679 873 2768 theologiam
894 2682 1064 2765 pertinent.
1105 2677 1167 2744 His
1188 2683 1272 2746 euim
1291 2703 1414 2746 summa
1435 2682 1531 2746 totius
1553 2682 1638 2746 vitae
1660 2683 1854 2762 continetur,
1883 2683 1918 2751 hi
1944 2691 2034 2774 quasi

208 2799 292 2864 fines
314 2801 398 2864 vitae
419 2799 575 2864 humanae
597 2814 678 2864 sunt.
721 2795 813 2874 Quae
835 2797 918 2862 duae
939 2818 991 2861 res
1013 2808 1054 2894 ut¹
1067 2799 1184 2862 rectius
1205 2810 1445 2884 cognoscantur,
1466 2797 1676 2883 supersedere
1697 2798 1825 2884 quidem
1845 2821 1908 2866 non
1926 2825 2035 2889 possu-

208 2937 279 2980 mus
298 2914 382 2992 aliis,
405 2936 486 3002 quae
514 2914 557 2981 ad
577 2917 794 3002 antiquitatem
821 2915 992 3001 pertinent,
1015 2912 1074 2976 scd
1095 2933 1134 2976 ca
1161 2933 1225 2977 non
1245 2912 1413 2979 immodice
1442 2914 1623 2994 tractanda,
1651 2936 1715 2980 non
1741 2919 1836 2982 nimis
1862 2940 1940 3005 prae
1968 2919 2035 2987 illis

208 3031 379 3109 laudanda,
398 3053 463 3096 non
492 3034 539 3096 sic
563 3031 800 3118 investiganda,
821 3043 856 3096 ιιι
877 3032 980 3096 omnis
1001 3043 1110 3094 nostra
1131 3051 1207 3094 cura
1229 3031 1269 3096 iis
1292 3029 1483 3096 ahstnnatur.
1524 3029 1594 3096 Nec
1617 3055 1692 3097 vero
1714 3035 1792 3100 satis
1814 3048 1880 3114 est,
1912 3058 1968 3122 per
1996 3059 2033 3103 se

209 3169 250 3212 ea
271 3169 473 3236 cognoscere,
495 3171 576 3236 qnae
597 3147 720 3214 duabus
740 3147 805 3212 illis
827 3147 1001 3232 disciplinis
1022 3145 1106 3231 apud
1129 3145 1273 3212 Graecos
1294 3159 1326 3212 et
1350 3146 1513 3213 Romanor
1535 3150 1785 3229 continebantur,
1807 3150 1865 3216 sed
1886 3168 2034 3220 accurata

208 3265 364 3352 quaedam
385 3279 418 3333 et
439 3287 516 3332 vera
537 3268 677 3353 cognitio
698 3277 828 3330 nocuae
849 3262 1015 3350 religionis
1043 3263 1174 3328 accedat
1201 3284 1333 3329 necesse
1362 3277 1418 3332 est
1463 3260 1536 3339 Qua
1565 3267 1690 3354 quidem
1712 3265 1852 3350 sublata,
1866 3269 1941 3356 quid
1965 3268 2032 3336 illis

208 3381 320 3460 facias,
341 3381 544 3466 nonhabet,
574 3379 685 3448 inutile
711 3393 803 3446 erunt
831 3401 911 3445 onus
937 3380 1122 3446 memoriae.
1165 3377 1256 3466 Opus
1285 3383 1333 3448 esi
1359 3380 1414 3446 illa
1436 3382 1574 3448 conferri
1597 3404 1666 3448 cum
1687 3397 1797 3450 nostra
1817 3383 1979 3472 theologia
2000 3400 2032 3452 et

208 3497 423 3586 philosophia,
443 3513 488 3579 ut,
510 3520 591 3586 qnae
613 3499 695 3562 ratio
715 3499 798 3562 inter
819 3509 969 3582 utrasque
986 3517 1039 3560 res
1061 3498 1246 3574 intercedat,
1267 3494 1458 3584 intelligere,
1480 3513 1574 3586 atque
1590 3499 1648 3564 ille
1667 3499 1709 3565 ad
1725 3515 1810 3566 tuum
1824 3523 1913 3568 usum
1927 3506 2031 3587 possis

208 3630 406 3682 convertere.
453 3613 548 3692 Quod
573 3618 603 3682 si
628 3627 810 3702 putaremus
837 3635 896 3678 noa
925 3613 958 3678 id
986 3615 1131 3700 cuiquam
1159 3634 1285 3694 eorum,
1316 3617 1369 3700 qui
1400 3613 1493 3681 aliter
1513 3617 1666 3700 judicant,
1688 3638 1912 3703 persuasurus,
1941 3619 2031 3706 plura

207 3731 407 3798 adderemus.
438 3731 493 3799 Sic
513 3733 618 3798 oleum
639 3747 672 3797 et
693 3753 830 3820 operam⁵
844 3729 977 3815 perdere
999 3732 1032 3792 in
1055 3723 1160 3794 animo
1182 3751 1246 3794 non
1268 3743 1326 3795 est.
1349 3730 1543 3817 Simpliciter
1563 3735 1670 3819 igitur,
1692 3755 1784 3820 quam
1801 3755 1858 3799 nos
1874 3739 2052 3826 rationem,

207 3864 390 3928 teneamus,
418 3848 636 3917 indicabimus.
693 3847 729 3916 ln
758 3845 931 3914 erudienda
962 3849 1126 3932 juventute
1161 3851 1301 3913 maxime
1331 3849 1364 3912 id
1393 3848 1487 3913 nohis
1515 3848 1721 3934 spectandum
1748 3849 1887 3928 videtur,
1915 3866 1949 3916 ut
1977 3876 2030 3919 res

207 3967 334 4032 divinae
356 3967 526 4037 discantur.
566 3966 685 4032 Earum
706 3978 812 4030 autem
839 3965 1051 4049 cognitionem
1081 3986 1189 4029 veram
1217 3966 1279 4030 nisi
1306 3965 1390 4052 apud
1411 3939 1617 4032 ⁴Christianos
1646 3968 1781 4031 inveniri
1812 3987 1906 4051 posse
1930 3991 2030 4056 neg03

207 4105 303 4171 quare
327 4086 463 4169 primum
485 4083 664 4161 videndum,
696 4095 731 4146 ut
758 4084 846 4168 pueri
874 4079 1056 4146 Christiana
1087 4081 1242 4168 religione
1271 4095 1357 4147 recte
1386 4084 1584 4160 imbuantur,
1611 4104 1674 4148 non
1703 4106 1759 4160 ea,
1788 4081 1914 4171 qualem
1935 4085 2030 4172 hujus

207 4203 279 4266 aevi
306 4202 385 4268 varii
406 4199 561 4288 theologi·
577 4201 665 4268 varie
693 4201 891 4284 interpretati
913 4211 1001 4274 sunt,
1026 4198 1083 4263 sed
1110 4198 1234 4286 qualem
1264 4213 1372 4264 nostra
1401 4196 1538 4264 ecclesia
1565 4197 1747 4275 confitetor3
1780 4212 1845 4268 tum
1873 4215 1926 4281 nt,
1955 4203 2030 4290 quid

206 4329 279 4382 ante
302 4315 460 4382 Christum
483 4317 523 4382 de
545 4315 640 4384 rebus
662 4316 778 4382 divinis
806 4313 950 4378 homines
973 4312 1199 4399 judicaverint,
1227 4316 1409 4380 doceantur.
1459 4311 1568 4391 Qttare
1601 4330 1749 4380 accurata
1775 4330 1808 4382 et
1836 4316 2030 4385 Graecorum

206 4431 481 4521 Romanorumque
503 4445 535 4498 et
556 4431 777 4500 Hebraeortun
801 4429 839 4516 l)
863 4433 1002 4518 cognitio
1029 4435 1069 4496 iis
1091 4431 1241 4500 tradatur.
1281 4431 1429 4517 Denique
1450 4431 1584 4510 discant,
1606 4432 1679 4519 quid
1701 4411 1824 4498 intersit
1845 4437 1928 4501 inter
1948 4435 2029 4502 haec

206 4564 239 4615 et
259 4549 326 4629 illa,
348 4562 381 4614 et
402 4549 476 4637 quid
497 4553 667 4638 antiquitas
688 4546 805 4614 haheat
826 4549 874 4612 rei
896 4570 967 4613 cnm
988 4562 1096 4616 nostra
1123 4547 1288 4635 religiono.
1329 4547 1421 4612 Haec
1442 4547 1570 4634 quidem
1599 4571 1719 4614 summa
1737 4533 1844 4616 ⁴omnis
1865 4552 2027 4624 doctrinae

205 4788 328 4874 quitati,
350 4797 383 4848 nt
404 4782 500 4872 longe
518 4786 688 4850 maxitnam
711 4804 838 4869 operam
861 4783 931 4850 dem
959 4785 1001 4848 iis
1023 4782 1119 4849 rebus
1140 4782 1385 4868 perscrutandis,
1406 4802 1488 4868 quae
1516 4781 1568 4846 ael
1590 4781 1783 4871 theologiam
1813 4783 1864 4848 vel
1891 4783 2029 4871 philoso-

254 4989 282 5049 ⁸)
303 4989 363 5037 Non
381 4986 512 5049 audiendi,
533 4985 576 5046 qul
595 4985 748 5036 Hebraicom
763 4985 879 5048 linguam
896 4989 942 5034 aut
960 4985 1112 5046 ejiciendam
1131 4998 1147 5032 e
1165 4983 1262 5033 scholis
1280 4989 1325 5034 aut
1343 4977 1512 5034 mediocriter
1529 4985 1689 5034 tractandam
1709 4989 1835 5053 ceurent3
1858 4987 1906 5036 hoc
1918 4987 1987 5038 enlm
2004 4989 2028 5038 si

306 5085 358 5122 noa
377 5071 459 5132 mojor
476 5084 551 5132 quarn
570 5072 664 5121 Latina
680 5084 710 5121 sc
731 5073 831 5122 Graeca
848 5069 950 5136 lingua,
969 5073 1087 5121 atcerte
1106 5082 1188 5132 aeque
1209 5083 1303 5132 magno
1319 5083 1379 5131 pars
1397 5069 1563 5131 antiquitatis
1581 5070 1684 5132 prodita
1701 5073 1751 5120 ert.

1606 5168 1622 5228 l
