4818 5800
1285 425 1312 508 8

388 639 514 706 semper
534 639 630 684 unum
650 616 797 703 idemque
819 639 959 697 numere,
981 616 1056 684 dum
1075 617 1222 706 singulae
1243 637 1315 696 res,
1342 638 1424 704 qnae
1452 629 1642 703 appareant,
1665 627 1904 682 eommntentnr.
1951 612 2038 681 Hine
2062 615 2214 684 muudum

388 738 492 822 ipsunt
514 739 547 800 in
568 735 648 800 duos
669 732 803 800 mundos
825 708 1045 802 distribuitis
1066 735 1171 822 νοητὸν
1195 734 1304 819 κόςμον
1324 746 1357 798 st
1377 730 1430 801 τὸν
1450 735 1575 820 ἐμφανῆ,
1595 732 1821 819 quorumtibet
1845 729 2051 800 murabilis
2070 730 2162 797 idest
2181 747 2214 798 et

387 853 607 939 paradigmata
620 873 725 917 rernm
737 854 908 929 contineat,
929 850 1010 916 alter
1023 851 1096 915 boio
1111 851 1205 936 plana
1219 849 1428 937 respondens,
1449 848 1580 926 efficiat,
1601 862 1635 914 nt
1648 849 1782 914 easdam
1795 847 1892 913 ideae
1912 861 2088 936 appareant
2098 863 2133 916 at
2153 847 2213 916 sub

389 968 498 1034 oonlos
518 967 645 1045 cadant,
666 967 727 1032 boa
748 981 854 1032 tamen
876 967 1031 1046 diversus,
1052 969 1155 1055 qnod,
1176 989 1258 1055 qnae
1285 969 1445 1054 inpriore
1472 967 1592 1033 mundo
1619 969 1785 1031 immntma
1812 963 1855 1031 ab
1882 977 2015 1031 aeterno
2041 968 2213 1045 exsistant,

388 1084 442 1152 hio
463 1097 632 1150 naseuntur
654 1097 686 1148 et
707 1095 868 1150 mutentur
888 1097 922 1148 et
942 1099 1076 1170 pareant
1095 1084 1171 1170 (ὅσα
1189 1083 1245 1172 γὰρ
1263 1084 1398 1152 mosot
1417 1111 1492 1153 τοτε
1510 1083 1598 1164 καλὰ,
1617 1090 1716 1151 suisa
1737 1085 1767 1151 ir
1787 1093 1852 1158 τοῖς
1870 1093 1988 1168 νοητοῖς
2014 1083 2069 1150 ἀεί.
2088 1105 2119 1170 p·
2141 1085 2213 1156 lhi-

386 1201 456 1288 Α.).
504 1203 617 1268 Creari
638 1213 744 1265 autem
765 1199 855 1266 ideas
874 1200 947 1266 illas
963 1202 1143 1288 formasque
1164 1223 1270 1268 rerum
1290 1224 1311 1266 a
1331 1200 1407 1266 Diis
1425 1199 1679 1287 intelligentibus
1698 1211 1733 1266 et
1757 1203 1791 1266 in
1813 1202 1910 1266 eitam
1938 1198 2044 1264 Muti
2068 1221 2126 1286 per
2154 1222 2212 1268 eos

387 1319 489 1399 Deos,
510 1322 564 1407 qni
586 1316 703 1381 mundo
723 1319 890 1402 apparenti
910 1319 1062 1402 praesint.
1104 1315 1254 1406 Utrisque
1276 1333 1382 1383 autam
1403 1317 1513 1384 Solem
1538 1317 1751 1402 praeieotnm,
1779 1319 1833 1403 qui
1853 1315 1949 1384 mmai
1974 1337 2102 1395 eorum,
2129 1337 2212 1403 quae

387 1432 477 1510 fiant,
499 1436 674 1520 ingenitam
695 1455 839 1498 oaussam
858 1436 1019 1498 contineat
1039 1434 1104 1518 (τὴν
1125 1417 1280 1521 ἀγέννητον
1300 1437 1398 1503 αἰτίαν
1418 1437 1576 1521 γινομένων
1596 1434 1736 1520 περιέχον
1756 1455 1789 1518 p·
1806 1435 1878 1504 142
1892 1433 1958 1518 th),
1978 1432 2073 1500 dmul
2089 1455 2212 1514 eorum,

388 1572 471 1639 quae
492 1572 650 1637 nunquam
671 1563 848 1629 senescant,
870 1553 967 1615 vitam
988 1563 1175 1636 perpetuam
1194 1551 1314 1618 efficiat
1334 1551 1397 1639 (irs
1417 1553 1448 1620 di
1468 1551 1527 1638 opi
1547 1552 1659 1635 ταύτης
1677 1556 1738 1618 τῶν
1758 1551 1860 1620 tutuo
1881 1550 2027 1634 σωμάτων
2043 1549 2097 1636 τὴν
2113 1553 2211 1638 ἀγήρω

389 1667 439 1736 καὶ
460 1667 583 1752 μόνιμον
606 1673 659 1752 τῆς
680 1669 754 1752 ζωῆς
774 1669 872 1735 αἰτίαν
890 1666 1001 1753 ibid).
1044 1665 1089 1732 Ut
1114 1681 1219 1733 autem
1246 1667 1389 1756 reliquae
1417 1691 1470 1734 res
1496 1682 1684 1746 numnius,
1711 1669 1759 1733 tio
1785 1666 1931 1732 homines
1959 1687 2083 1754 quoque
2112 1670 2211 1756 gigni,

388 1788 528 1851 maxime
549 1806 607 1870 per
628 1781 747 1862 Solem,
777 1787 831 1871 qni
851 1786 966 1870 partim
987 1805 1032 1848 ex
1053 1805 1089 1848 se
1109 1787 1180 1870 ipso
1200 1788 1324 1850 animas
1345 1786 1508 1864 demittat,
1527 1787 1643 1871 partim
1668 1805 1727 1871 per
1743 1782 1884 1871 reliquos
1904 1783 1994 1849 Deos
2020 1785 2210 1852 emittendos

389 1915 478 1966 curet
497 1900 616 1988 (ψυχὰς
637 1902 672 1968 dt'
689 1903 743 1968 otis
764 1903 818 1986 ἀφ’
834 1903 943 1970 ἑαυτοῦ
962 1902 1062 1986 μόνον,
1084 1901 1161 1970 ἀλλὰ
1181 1902 1231 1971 sul
1251 1901 1335 1988 παρὰ
1352 1910 1414 1971 τοῖν
1435 1901 1532 1971 ἄλλον
1552 1909 1633 1970 θεῶν
1653 1903 1763 1986 eusebes
1783 1901 1825 1977 οἷς
1843 1906 1895 1986 γῆν
1916 1923 1948 1987 p·
1968 1905 2040 1972 131.
2064 1899 2131 1987 G),
2152 1923 2211 1968 neo

389 2019 492 2084 videri
512 2040 624 2083 omnes
646 2017 791 2083 homines
814 2019 970 2104 originem
993 2040 1082 2083 suoru
1104 2022 1158 2084 nni
1180 2022 1251 2085 uiro
1272 2023 1387 2107 unique
1408 2022 1548 2086 feruisse
1574 2017 1712 2097 debere,
1743 2018 1801 2084 sed
1825 2039 1883 2103 pro
1904 2016 2089 2084 diuersitate
2120 2032 2211 2084 uatu-

390 2161 498 2204 ramm
518 2151 552 2201 et
572 2138 773 2222 ingeniorum
795 2133 911 2200 multos
931 2133 1025 2200 simol
1057 2134 1203 2202 homines
1230 2158 1250 2203 a
1279 2137 1413 2224 singulis
1440 2137 1514 2203 Diis
1541 2156 1666 2203 creatos
1693 2157 1778 2214 asse,
1805 2155 1939 2221 quornm
1965 2138 2088 2200 animas
2115 2135 2163 2200 illi
2190 2157 2210 2199 a

391 2255 557 2340 demiurgo
580 2251 684 2336 (Sole)
706 2253 747 2316 ab
769 2263 901 2316 aeterno
921 2253 1103 2338 aooeperint
1122 2259 1170 2332 (a.
1191 2277 1220 2340 p.
1241 2257 1315 2326 291.
1336 2252 1486 2325 1)-992
1506 2252 1575 2340 De).
1617 2251 1723 2330 Quum
1743 2265 1848 2318 autem
1869 2250 1998 2331 eadem,
2024 2271 2210 2338 quaenunt

390 2387 449 2449 eat,
470 2374 553 2435 ratio
574 2391 700 2455 semper
721 2368 905 2448 obtinuerit,
926 2372 1020 2434 etiarn
1041 2369 1104 2434 diui
1134 2393 1231 2458 posse
1251 2371 1425 2437 seeundum
1443 2369 1659 2448 Aristotelem,
1680 2369 1839 2436 homiaem
1861 2389 1906 2434 ex
1931 2367 2058 2434 homine
2079 2381 2114 2435 at
2134 2367 2210 2434 Sole

390 2491 480 2577 gigni
502 2487 549 2573 (v.
571 2509 602 2572 p.
624 2493 696 2558 151.
716 2485 784 2571 D.).
827 2483 1025 2573 Quamquam
1045 2503 1152 2553 autem
1171 2488 1317 2554 homines
1339 2511 1358 2552 a
1380 2487 1442 2552 diis
1462 2488 1649 2572 prodierint,
1680 2499 1871 2584 nontamen
1894 2485 2089 2552 eandemiis
2115 2488 2210 2552 ratio·

389 2627 464 2671 uem
499 2625 591 2681 esse,
635 2603 692 2668 sed
724 2603 882 2667 homiuem
914 2607 1004 2691 quasi
1038 2608 1070 2669 in
1103 2605 1182 2669 duas
1217 2619 1347 2672 naturas
1382 2604 1499 2682 dividi,
1538 2627 1651 2690 eorpus
1686 2620 1719 2670 et
1757 2605 1912 2681 animaru,
1958 2623 2090 2689 quarum
2128 2603 2210 2668 baeu

391 2737 515 2787 tantum
534 2723 576 2785 sit
598 2719 716 2799 diuina,
738 2719 814 2784 illud
837 2717 1057 2798 tenebrosum
1092 2725 1260 2808 extisque
1287 2725 1333 2786 ita
1357 2724 1493 2786 mixtum
1521 2742 1612 2800 esee,
1638 2737 1676 2787 ut
1703 2735 1863 2788 certamen
1891 2718 2050 2808 quoddam
2078 2720 2210 2786 dunum

389 2854 572 2904 naturarum
594 2839 714 2900 oriatur
733 2836 832 2922 (διττή
854 2839 917 2904 ἔστι
936 2841 1082 2924 μαχομένη
1103 2839 1192 2924 φύσις
1212 2841 1254 2915 εἰς
1274 2841 1304 2906 ἒν
1324 2837 1482 2924 κοιραμενη
1502 2845 1601 2926 ψυχῆς
1620 2840 1671 2907 uui
1692 2840 1841 2924 σώματος,
1873 2843 1926 2923 τῆς
1953 2836 2005 2922 μὲν
2025 2839 2127 2916 θεὰς,
2154 2832 2209 2904 rou

391 2957 423 3024 tt
443 2961 597 3024 σκοτεινοῦ
617 2954 668 3022 sui
695 2955 848 3038 ζοοῶδοος
876 2977 906 3040 p·
935 2959 1005 3025 14⁸2.
1034 2953 1101 3040 D.).
1144 2954 1222 3020 lnde
1247 2953 1336 3033 fieri,
1361 2969 1397 3018 ut
1429 2954 1656 3022 mutationibus
1683 2957 1842 3042 variisque
1869 2954 2143 3022 vicissitudinibus
2168 2957 2211 3018 sit

389 3073 564 3151 obnoxius,
585 3086 619 3137 et
634 3086 667 3136 nt
689 3073 882 3149 substantie,
916 3075 984 3150 uis,
1006 3077 1089 3137 actio
1115 3094 1178 3137 non
1210 3085 1245 3136 ut
1269 3075 1303 3136 io
1331 3071 1403 3138 Deo
1431 3095 1495 3137 una
1522 3094 1575 3137 res
1606 3074 1663 3150 sit,
1692 3073 1749 3137 sed
1776 3076 1919 3158 sejuncta
1943 3069 2062 3157 (ibid).
2115 3068 2211 3150 Quod

391 3192 572 3267 discrimen,
593 3203 725 3252 naturae
743 3186 899 3252 hnmanae
917 3191 1059 3267 insitum,
1079 3189 1162 3253 unde
1185 3188 1393 3254 derivandum
1413 3192 1465 3267 sit,
1486 3211 1549 3258 nou
1567 3187 1684 3276 legitur
1701 3190 1784 3277 apud
1794 3187 1964 3257 lulianum.
1990 3186 2106 3275 Neque
2125 3188 2209 3254 idem

390 3311 470 3373 satis
492 3307 621 3382 indicat,
642 3305 726 3369 unde
747 3303 865 3370 malum
887 3320 989 3370 ortum
1011 3327 1083 3370 esse
1105 3321 1201 3391 putet.
1243 3303 1326 3373 Nam
1348 3306 1513 3372 Platonem
1534 3321 1661 3372 secutus
1683 3329 1705 3370 a
1724 3307 1787 3373 diis
1810 3306 1928 3376 mulum
1955 3305 2083 3392 prodire
2113 3321 2211 3392 negat

390 3426 439 3510 (p.
459 3429 532 3496 301.
552 3421 592 3488 Α.
614 3423 655 3498 ὡς
676 3423 844 3508 ἐργάζονται
864 3422 934 3490 οὐδὲ
955 3425 985 3490 ἓν
1005 3422 1097 3490 κακὸν
1118 3423 1185 3491 uidi
1207 3424 1390 3510 ἀνθρώπους
1417 3423 1485 3492 ouidi
1506 3423 1615 3500 ἄλλους
1642 3425 1682 3494 ol.
1714 3447 1746 3510 p.
1771 3427 1822 3496 90.
1852 3424 1893 3492 A·
1913 3424 1954 3494 τὰ
1983 3421 2113 3500 antidi
2139 3422 2210 3492 orire

389 3543 545 3628 ἐγέννησεν,
573 3539 642 3609 οὔτε
668 3541 802 3619 ἐπέταξεν
834 3543 916 3618 εἶναι,
937 3542 1000 3608 ἀλλ’
1028 3540 1120 3617 αὐτὸς
1139 3540 1190 3625 μὲν
1212 3542 1403 3626 ἐφυγάδευσεν
1431 3543 1461 3621 ἐξ
1486 3543 1640 3627 οὐρανοῦ),
1669 3543 1752 3606 unde
1774 3541 1891 3608 babeat
1911 3545 2077 3629 originem,
2097 3562 2209 3629 purum

390 3660 518 3725 doeens.
561 3655 685 3722 Tamen
711 3661 794 3722 vitae
816 3654 912 3721 linem
935 3680 1008 3722 eum
1029 3661 1232 3723 constitutum
1260 3680 1344 3737 esse,
1371 3673 1407 3726 nt
1426 3658 1572 3728 homines
1593 3659 1654 3724 diis
1683 3659 1806 3728 similes
1831 3658 1910 3729 fiant
1931 3660 1985 3743 (ol,
2005 3663 2120 3744 pilai.
2140 3657 2208 3743 C.);

390 3798 488 3863 quere
515 3797 578 3840 noo
606 3778 732 3868 corpori
755 3775 956 3844 seruiendum
979 3797 1065 3853 esse,
1087 3775 1146 3840 sed
1174 3775 1215 3839 ed
1242 3778 1392 3855 animum,
1419 3776 1492 3854 tel,
1519 3779 1666 3863 quoniam
1695 3777 1820 3841 ditione
1842 3780 1884 3841 sit
1904 3780 2039 3854 suimus,
2060 3777 2100 3840 ad
2122 3779 2209 3862 ipsos

389 3894 481 3959 Deos
503 3896 609 3959 omniu
631 3892 813 3971 referenda,
832 3915 915 3979 quse
937 3907 1035 3980 agant
1056 3892 1212 3958 homines.
1251 3891 1350 3958 lmrno
1372 3891 1547 3958 secundnm
1566 3892 1728 3962 Platonem
1750 3915 1925 3980 corpusne
1946 3893 2209 3981 partemqnidem

391 4011 640 4076 existimandam
660 4009 719 4074 sed
739 4012 975 4095 possessionem
994 4009 1155 4074 hominum
1177 4009 1308 4093 (αὐτὸν
1327 4009 1379 4095 μὲν
1392 4049 1434 4066 -
1446 4011 1498 4078 τὸν
1519 4018 1588 4084 νοῦν
1609 4012 1658 4079 καὶ
1679 4010 1731 4096 τὴν
1752 4011 1858 4098 ψυχὴν,
1879 4015 1994 4082 αὐτοῦ
2015 4010 2047 4079 di
2067 4010 2102 4079 τὸ
2123 4017 2209 4094 σῶμα

390 4129 440 4196 καὶ
462 4125 515 4212 τὴν
535 4133 634 4211 κτῆσιν
655 4150 685 4213 p.
705 4129 757 4197 69.
781 4124 853 4212 li),
875 4149 997 4192 ornnem
1020 4131 1117 4214 igitur
1136 4149 1243 4194 ouratu
1263 4128 1304 4191 nd
1326 4127 1360 4192 id
1390 4127 1601 4204 referendam,
1624 4129 1707 4217 quod
1727 4130 1762 4198 in
1783 4131 1889 4194 animo
1910 4141 2019 4194 nostro
2040 4133 2092 4194 sit.
2135 4128 2208 4197 lmi-

391 4251 544 4312 tationem
566 4255 673 4308 autem
693 4244 824 4309 deorum
845 4249 979 4329 primum
1000 4247 1033 4308 in
1055 4266 1095 4309 eo
1117 4248 1302 4324 oonsistere,
1323 4259 1358 4312 ut
1379 4244 1514 4314 aliorum
1535 4243 1697 4314 hatuinum
1717 4259 1860 4312 ornantes
1886 4247 1996 4322 simus,
2023 4268 2095 4316 natu
2119 4243 2207 4314 Deos

392 4383 516 4449 quoque
537 4359 635 4426 multa
656 4363 689 4426 in
712 4384 770 4426 uos
792 4359 947 4426 beneficia
970 4361 1114 4426 conferre
1140 4361 1188 4452 (ρ.
1214 4365 1287 4433 289.
1315 4360 1352 4431 Β.
1378 4361 1456 4448 etc.)
1483 4377 1578 4450 atque
1609 4363 1691 4432 adeo
1713 4360 1857 4434 hostibus
1879 4375 1983 4428 vestes
2004 4375 2037 4425 et
2058 4359 2209 4425 alimenta

390 4479 574 4568 largiamur,
596 4479 711 4564 quippe
736 4500 819 4564 qnae
840 4500 903 4543 non
923 4477 1075 4555 moribus,
1102 4477 1160 4543 sed
1181 4478 1361 4546 hominibus
1382 4482 1559 4548 tribuantur
1580 4485 1638 4563 (τῷ
1657 4479 1713 4566 γὰρ
1739 4481 1892 4563 ἀνθρώπῳ
1912 4479 1962 4551 uui
1982 4479 2019 4548 ori
2039 4485 2082 4560 τῷ
2106 4481 2208 4564 τρόπῳ

391 4600 508 4681 δίδομεν
520 4618 551 4681 p.
561 4596 633 4664 ‘29t-
646 4594 715 4680 A.),
727 4599 856 4659 omnino
867 4612 901 4659 ut
912 4598 1008 4661 uitam
1026 4609 1167 4664 nostram
1178 4609 1287 4664 saneto
1299 4611 1331 4664 et
1342 4599 1394 4682 pie
1407 4600 1608 4666 instituamus
1621 4597 1669 4684 (p.
1680 4601 1755 4677 429,
1766 4595 1807 4668 Ι).
1817 4601 1890 4668 305.
1901 4594 1937 4668 Β.
1949 4597 2040 4683 eto),
2061 4597 2114 4662 ubi
2126 4595 2208 4682 lapsi

390 4715 555 4790 fuerimus,
575 4733 633 4798 per
652 4714 878 4796 poeniteutiam
899 4735 1063 4778 servemur
1084 4713 1119 4799 (η
1140 4713 1313 4798 passurine
1334 4714 1461 4798 σώφρων
1481 4717 1561 4783 πάνυ
1579 4716 1700 4782 καὶτῶν
1713 4715 1951 4800 ν’ξημορτηνότον
1961 4716 2087 4796 σώτειρα
2097 4713 2208 4798 δαίμων

390 4853 421 4917 p.
441 4834 513 4901 325.
533 4827 601 4914 B.),
624 4831 721 4894 etium
740 4827 834 4893 malis
862 4844 896 4895 et
924 4834 1036 4916 poeuis
1065 4851 1123 4896 nos
1152 4829 1354 4914 uestigaudos
1383 4831 1494 4899 demus
1521 4832 1570 4918 (p.
1598 4835 1649 4906 90,
1677 4830 1743 4918 3.).
1783 4833 1957 4904 Praeterea
1984 4835 2079 4896 etiam
2107 4835 2207 4918 magis

391 4945 512 5012 similes
533 4967 591 5010 nos
613 4943 705 5010 reddi
726 4944 788 5010 diis
808 4945 1071 5034 philosophando.
1113 4947 1223 5012 Potius
1245 4947 1328 5010 eninr
1351 4961 1474 5014 actores
1496 4971 1579 5028 esse,
1601 4951 1654 5038 qni
1676 4972 1729 5015 res
1750 4954 1905 5037 cogitent,
1936 4970 2030 5038 quam
2057 4951 2111 5035 qui
2138 4969 2208 5034 per·

391 5075 517 5149 putrent
538 5061 583 5150 (p.
602 5066 790 5151 tot-66),
811 5061 938 5134 tihcere
961 5070 1046 5134 enim
1067 5066 1253 5154 prudentiae
1274 5065 1413 5150 quidem,
1434 5070 1536 5153 magis
1558 5081 1663 5138 tamen
1684 5069 1829 5140 touunae
1851 5089 1924 5136 esse
1946 5081 1979 5134 et
2000 5087 2103 5144 casus,
2125 5079 2158 5132 at
2178 5069 2207 5130 si
