4818 5800
1262 441 1319 528 22

532 641 637 719 Quum
657 644 753 726 igitur
773 642 823 728 sio
840 640 972 703 sentiret
994 637 1033 702 de
1049 635 1248 712 Christianis,
1269 633 1342 701 steri
1364 656 1426 700 non
1448 647 1581 719 poterat,
1611 639 1686 722 qnin
1708 636 1840 702 eosdem
1860 641 1948 703 omui
1963 642 2086 704 ratione
2106 647 2206 708 omni·

384 761 505 849 busque
527 757 647 824 artibus
668 757 707 821 ad
731 755 886 820 ethnicam
909 754 1096 840 religionem
1117 773 1271 816 revocare
1292 751 1435 816 studeret
1453 751 1498 835 ³).
1539 751 1603 816 Sed
1617 774 1711 839 quoru
1726 756 1757 818 ui
1781 756 1813 818 in
1834 775 1892 818 eos
1913 757 1959 818 uti
1980 756 2081 822 nollet
2101 759 2206 844 (sisso

384 879 415 947 di
434 877 487 966 χρὴ
508 883 619 962 μᾶλλον
641 871 657 960 i}
680 885 773 959 proris
795 871 931 948 coleirsi
953 882 1018 946 soie
1036 871 1182 954 μεγίστοις
1205 869 1395 953 πράττοντας
1414 875 1512 945 κακῶς
1531 867 1597 932 lul.
1616 891 1666 954 ep.
1686 875 1739 940 52.
1759 893 1791 956 p.
1818 875 1891 942 438
1919 869 1958 936 Β.
1985 873 2063 958 '*),
2091 874 2206 941 callide

383 1000 485 1083 tnagis
515 1017 554 1061 oc
576 1015 634 1079 per
660 989 813 1076 ambages
841 992 916 1076 egit.
963 987 1011 1051 Ac
1039 989 1171 1070 primum
1201 987 1329 1072 qnidam
1360 987 1432 1052 dom
1464 986 1607 1050 docendo
1635 1007 1673 1049 ec
1699 988 1922 1071 persuadendo
1943 1011 2088 1056 caumana
2114 1014 2203 1058 suem

382 1117 536 1198 majorem
557 1109 671 1185 reddit,
692 1107 890 1173 Christianos
912 1103 951 1169 ad
974 1126 1010 1168 se
1030 1103 1160 1168 allicere
1181 1104 1345 1179 studebam
1367 1125 1466 1189 qnare
1487 1117 1518 1169 et
1536 1104 1606 1188 ipae
1625 1107 1787 1169 orationes
1803 1105 1912 1170 babuit
1931 1120 1965 1172 et
1980 1111 2118 1196 scripsit,
2138 1115 2206 1196 qui·

383 1229 441 1294 bus
463 1250 552 1292 suam
575 1225 761 1312 religionem
783 1235 924 1307 erigeret,
947 1220 1147 1286 adversarios
1168 1219 1341 1298 refelleret,
1373 1233 1406 1284 et
1427 1218 1516 1298 aliis,
1542 1233 1577 1283 ut
1598 1219 1682 1284 idem
1711 1220 1864 1299 sererent,
1891 1223 2072 1308 imperauit.
2120 1225 2205 1292 Hinc

382 1346 464 1410 adeo
485 1365 648 1408 sermones
670 1344 702 1406 in
724 1338 849 1424 templis
871 1337 1036 1403 habendos
1058 1341 1188 1416 curavit,
1209 1335 1324 1424 quibus
1344 1357 1404 1400 eea
1425 1357 1489 1414 res,
1507 1357 1588 1422 quae
1609 1334 1726 1402 tubulis
1742 1341 1951 1416 continentur,
1971 1340 2088 1427 popolo
2104 1343 2204 1429 expli-

382 1477 536 1528 carentur.
578 1458 662 1523 Aliis
684 1479 806 1544 quoque
828 1456 1004 1520 rationibus
1025 1468 1059 1518 ut
1079 1453 1385 1519 commendationem
1406 1457 1473 1520 suis
1493 1453 1697 1538 opinionibus
1718 1454 1862 1533 adderet,
1880 1455 1980 1521 multu
1997 1460 2142 1525 instituta
2162 1483 2204 1526 ex

382 1581 518 1648 ecclesia
539 1577 721 1642 Christiana
743 1573 785 1637 ad
805 1572 943 1658 gentiles
964 1570 1132 1650 transtulit,
1154 1584 1241 1634 recte
1263 1570 1387 1648 uidens,
1411 1574 1472 1635 nisi
1493 1571 1553 1656 ipsi
1577 1569 1750 1650 baberent,
1771 1572 1861 1658 quod
1883 1572 1979 1660 sulgb
2005 1576 2203 1661 preberetur,

382 1698 584 1764 aduersarios
605 1713 764 1776 nunquam
785 1691 919 1775 opprimi
940 1709 1036 1774 posse
1056 1687 1209 1776 (Gregor.
1231 1686 1287 1756 Or.
1309 1685 1366 1752 lll-
1387 1709 1418 1773 p·
1440 1693 1510 1758 tut.
1554 1687 1681 1759 Susum.
1709 1689 1754 1768 V,
1775 1695 1825 1760 15.
1847 1688 1930 1776 0pp.
1950 1689 2014 1756 lul.
2034 1693 2202 1780 bagmam.

381 1817 474 1900 epist.
495 1833 566 1897 epp.
586 1811 638 1878 49.
659 1808 740 1894 (D)-
781 1804 931 1892 Singulos
954 1808 1050 1870 etiam
1070 1785 1250 1891 pollicendo
1266 1816 1302 1870 et
1324 1804 1516 1870 conferendo
1542 1803 1754 1871 emolumenta
1785 1819 1818 1870 et
1845 1810 2011 1874 commoda
2031 1809 2202 1890 alliciebat,

381 1945 414 1999 ut
434 1927 529 1995 fidem
550 1938 717 1992 mutarent.
759 1921 957 2008 Quemquam
977 1921 1214 1986 celerissimus
1235 1924 1366 2008 quisquo
1381 1921 1458 2007 m)
1476 1920 1517 1985 ad
1537 1919 1673 2008 gentiles
1694 1935 1934 2002 uauwurreret,
1953 1931 2075 1991 teraere'
2095 1950 2202 2015 quens·

381 2070 474 2138 quarn
497 2044 579 2131 apud
602 2065 659 2107 eos
680 2043 780 2126 recipi
803 2053 858 2104 aut
878 2039 918 2102 ad
940 2061 1032 2104 secra
1052 2039 1176 2104 admitti
1205 2039 1313 2102 uetuit.
1354 2035 1454 2104 lussit
1481 2043 1563 2106 enirn
1592 2060 1703 2103 omnes
1728 2042 1815 2124 prim
1843 2040 1968 2124 pineolo
1993 2043 2149 2109 adbibere
2169 2063 2202 2111 et

380 2183 571 2231 auerruncos
591 2159 680 2223 Deos
702 2175 837 2222 exurere
857 2154 1027 2244 (καθάρσια
1059 2155 1281 2256 upoepr'peodar
1307 2156 1357 2223 sui
1382 2155 1454 2232 τοὺς
1481 2157 1705 2239 ἀπιτροιιαὼις
1732 2157 1867 2224 ἱκετεύω
1893 2159 1986 2235 decis
2012 2181 2065 2246 ep.
2090 2167 2142 2232 52.
2169 2187 2200 2251 p.

378 2285 451 2354 436.
471 2279 537 2365 (3.),
554 2292 587 2342 ut
609 2291 641 2341 et
656 2277 793 2339 unimam
804 2273 1086 2359 supplicationibus
1103 2273 1143 2336 ad
1155 2271 1245 2336 Deos
1265 2273 1358 2337 lactis
1373 2287 1404 2336 et
1423 2293 1537 2359 corpus
1548 2272 1701 2360 legitimis
1709 2273 1949 2360 purgationibus
1961 2280 2132 2360 expiarent
2146 2281 2199 2368 †).

526 2392 654 2459 Deinde
676 2395 773 2456 etiam
795 2393 839 2454 ita
860 2389 975 2454 multos
997 2391 1036 2454 nd
1060 2411 1151 2454 sucre
1171 2389 1319 2455 iacienda
1341 2388 1506 2466 inritabat,
1528 2405 1562 2454 ut
1584 2389 1784 2456 Christianos
1804 2395 1977 2457 commodis
1998 2397 2083 2460 vitae
2107 2413 2199 2484 atque

380 2517 461 2581 adeo
483 2513 646 2577 doctrinae
667 2507 818 2574 subsidiis
841 2523 958 2571 exutos
979 2507 1156 2592 deprimere
1178 2507 1328 2576 studeret.
1370 2507 1470 2591 Cujus
1490 2509 1537 2571 rei
1560 2511 1741 2574 vasissent
1763 2515 1959 2594 argumenta.
1979 2509 2093 2577 Statim
2115 2517 2198 2578 enim

378 2647 543 2719 postquam
564 2632 735 2712 imperator
756 2626 857 2690 lactus
879 2637 939 2702 est,
959 2622 1104 2690 omnibus
1127 2625 1295 2709 episcopis,
1323 2627 1377 2709 qui
1405 2637 1558 2710 regnante
1585 2623 1774 2689 Constantio
1802 2627 1899 2710 ejecti
1924 2627 2067 2706 fuerant,
2095 2630 2198 2695 edicto

377 2749 536 2836 permisit,
564 2759 598 2808 ut
625 2743 666 2806 nd
693 2740 846 2806 ecclesias
873 2763 948 2806 sons
976 2741 1135 2820 redirent,
1167 2743 1270 2825 iisque
1299 2738 1384 2804 bone
1411 2741 1571 2827 publicata
1599 2745 1737 2806 restituit
1763 2740 1844 2827 (Jul.
1872 2765 1923 2828 ep.
1942 2751 1994 2816 59.
2014 2765 2045 2830 p.
2063 2749 2137 2818 336
2157 2748 2197 2814 Α.

377 2865 536 2931 illumian.
561 2862 623 2926 Lb.
644 2863 696 2928 tt.
718 2879 747 2944 p-
767 2863 841 2936 225,
882 2857 971 2929 Socr.
992 2856 1050 2936 lll,
1073 2866 1104 2927 t.
1146 2855 1272 2925 'theod
1287 2855 1345 2935 111.
1366 2861 1396 2927 t.
1438 2857 1512 2922 Soa.
1533 2858 1578 2934 V,
1598 2857 1657 2943 ἃ).
1692 2855 1786 2933 Quot
1807 2881 1862 2924 eur
1883 2861 1999 2926 facturo
2021 2865 2080 2939 sit,
2111 2864 2197 2930 dubi·

377 2985 439 3047 turi
460 2979 571 3066 possit,
591 2999 684 3064 quum
706 2978 775 3061 ipse
796 2972 818 3038 l.
839 2973 861 3038 Ι.
883 2989 1051 3059 propterea
1070 2975 1154 3039 dicet
1177 2995 1213 3037 se
1231 2974 1263 3037 id
1286 2975 1420 3053 iecisse,
1441 2989 1475 3038 ut
1496 2976 1643 3040 omnibns
1665 2973 1797 3040 libertas
1822 2990 1926 3056 esset,
1955 2999 2038 3065 quae
2069 2979 2197 3061 vellent,
2219 3057 2222 3064 Ι

377 3097 544 3172 credendi,
564 3093 714 3158 Socrates
743 3106 775 3154 et
804 3085 1028 3155 'l'beodorems
1056 3094 1269 3178 suspicentur,
1296 3112 1368 3155 erno
1395 3090 1535 3156 soluisse
1562 3094 1653 3157 initio
1682 3095 1773 3179 regni
1795 3097 1919 3161 animos
1948 3094 2197 3166 Christianorum

377 3215 439 3281 sibi
462 3211 643 3286 conciliare,
664 3231 726 3295 quo
746 3207 869 3273 firnrius
890 3219 975 3272 esset
997 3209 1174 3293 imperium.
1216 3209 1259 3273 At
1281 3209 1475 3274 Sosomcnm
1496 3207 1516 3276 l.
1539 3209 1559 3274 Ι.
1581 3209 1698 3274 samam
1729 3231 1801 3274 esse
1820 3215 1875 3289 ait,
1898 3234 1969 3278 eura
1991 3235 2056 3280 non
2076 3219 2197 3282 miseri-

377 3333 484 3400 cordia
506 3329 630 3394 ductum
653 3328 736 3391 istud
758 3324 936 3390 triundatum
964 3324 1109 3401 dedisse,
1136 3326 1193 3390 sed
1221 3339 1256 3389 ut
1284 3325 1334 3389 vel
1355 3329 1416 3411 ipsi
1445 3325 1486 3391 ob
1513 3339 1650 3390 mutuam
1677 3329 1760 3391 inter
1785 3348 1821 3392 se
1849 3333 2082 3396 contentionem
2111 3331 2196 3398 bello

376 3452 526 3514 intestino
547 3457 764 3529 oppugnarent
782 3440 945 3518 ecclesias,
965 3440 1015 3505 uel
1037 3455 1071 3506 nt
1092 3442 1270 3508 Constantii
1300 3444 1571 3507 existlmationem
1600 3442 1758 3506 malevola
1784 3445 2014 3512 obtrectatione
2041 3447 2194 3514 laederet.

375 3567 417 3634 Et
436 3568 574 3651 priorem
595 3558 719 3645 quidem
743 3567 887 3622 cnrrssnut
909 3580 1018 3625 rernm
1040 3580 1113 3622 esse
1134 3559 1214 3624 baec
1234 3559 1395 3625 Ammiani
1417 3561 1514 3624 verba
1536 3559 1666 3658 decept:
1696 3556 1823 3645 „thue
1852 3561 2074 3648 dispositorum
2103 3566 2196 3633 robo-

352 3703 354 3708 ·
375 3683 629 3754 rareteffectum,
650 3675 840 3740 dissidentes
853 3671 1101 3739 Christianorum
1123 3679 1282 3741 antistites
1302 3697 1371 3741 ntro
1393 3675 1488 3762 plebe
1505 3676 1638 3741 diamasa
1659 3680 1692 3742 in
1704 3676 1854 3762 palatium
1868 3682 2069 3746 intromissos
2088 3705 2195 3750 mooe·

376 3801 441 3878 bat,
463 3812 496 3863 ut
516 3793 662 3860 ciuilibus
684 3793 848 3857 discordiis
870 3795 1041 3878 consopitis
1058 3795 1190 3877 quisque
1211 3791 1299 3857 nullo
1318 3808 1444 3858 uetante
1466 3792 1612 3879 religioni
1634 3791 1711 3858 stiae
1733 3798 1868 3859 serviret
1884 3799 2068 3884 intrepidus.
2100 3800 2194 3880 Quod

376 3915 493 4003 agebat
512 3913 587 3978 ideo
610 3912 784 3985 obstinate,
805 3923 838 3972 ut
860 3908 1076 3972 dissensiones
1098 3923 1235 3994 augente
1258 3907 1388 3974 licentia
1410 3931 1475 3973 oon
1498 3913 1624 3975 timeret
1651 3915 1886 3978 unanimantem
1915 3933 2027 4001 postea
2057 3917 2192 4003 plebem,

374 4079 777 4101 ,-.—-——————·

424 4185 451 4247 ⁸)
471 4182 536 4232 mtto
554 4181 656 4242 quidem
675 4180 700 4227 id
717 4179 807 4227 animo
824 4176 991 4239 proposuisse
1009 4175 1122 4237 ridetur,
1140 4178 1268 4237 quomodo
1286 4181 1413 4238 Marcum,
1433 4179 1619 4246 Alexandrum,
1637 4181 1715 4242 alios,
1734 4187 1762 4230 ut
1780 4182 1818 4230 sic
1836 4181 1967 4234 ebriatum
1985 4187 2087 4248 duoque
2104 4203 2192 4240 aetua-

475 4269 586 4329 laretur,
604 4266 654 4314 leue
671 4279 724 4313 uuo
741 4262 901 4326 discrimine,
920 4263 987 4322 quot
1006 4261 1067 4310 illus
1092 4265 1244 4323 plerumque
1264 4262 1311 4312 sul
1334 4276 1447 4324 aequam
1472 4265 1613 4315 uirtutibus
1632 4273 1678 4314 aut
1703 4279 1828 4328 superare
1848 4269 1985 4334 studebat,
2010 4273 2088 4332 bajus
2112 4276 2192 4326 ιιιιῃ

474 4363 600 4412 carpere,
617 4347 747 4412 minuere,
773 4349 923 4398 obscurare.
958 4346 1046 4400 Quare
1070 4360 1101 4393 ea
1124 4349 1217 4410 uerba,
1245 4362 1311 4407 quae
1334 4349 1417 4411 ipsum
1443 4351 1596 4403 morientem
1619 4352 1746 4400 clamasse
1766 4352 1854 4400 lerunt
1881 4355 2027 4420 „cretenses
2050 4357 2192 4412 Fdffi’t

474 4436 585 4502 (Theod.
605 4436 652 4493 iil,
670 4437 711 4483 2⁰.
746 4435 807 4482 Sos.
825 4435 871 4496 l'l,
891 4433 935 4496 2.),
956 4433 978 4479 ιι
999 4446 1041 4480 rea
1059 4447 1111 4481 non
1130 4433 1190 4480 icta
1208 4439 1258 4494 eat,
1277 4439 1363 4482 ιιιιιειι
1383 4435 1479 4496 optime
1498 4450 1585 4483 rcraru
1608 4435 1708 4498 ingenii
1732 4441 1852 4485 naturam
1877 4439 1992 4488 indicant
2010 4445 2056 4502 (el.
2078 4447 2139 4496 Sos.
2160 4450 2191 4510 ι’,

474 4521 537 4586 ιιι).
573 4518 647 4572 Quod
666 4523 751 4566 auteur
770 4517 914 4580 Gregorius
932 4518 996 4566 tter.
1014 4531 1038 4578 p.
1058 4517 1114 4563 tlt.
1133 4518 1161 4565 Β.
1185 4521 1290 4580 narrat,
1317 4531 1376 4565 eum
1401 4525 1428 4565 ut
1453 4519 1576 4579 utmorem
1601 4535 1676 4580 quam
1701 4535 1749 4583 pro
1771 4519 1884 4570 bumana
1907 4523 2057 4576 conditione
2081 4531 2192 4593 glorians

407 4619 415 4644 ι
473 4605 662 4668 adipisceretur
679 4607 706 4649 et
723 4601 796 4661 qusai
807 4603 912 4650 christo
929 4601 1063 4649 decessum
1081 4600 1184 4648 eternis
1200 4601 1388 4661 aemularetur,
1408 4603 1523 4652 voluisse
1540 4605 1606 4652 elam
1624 4605 1708 4655 oculis
1724 4605 1858 4656 bonsiaaru
1874 4621 1903 4656 ae
1921 4609 2075 4672 subducere,
2090 4615 2116 4663 ιι
2133 4629 2192 4666 001».

474 4699 529 4739 tum
547 4695 597 4752 est,
616 4687 683 4738 ialao
697 4700 803 4734 rumore
820 4686 881 4751 uiti,
899 4686 1054 4747 quispiane
1071 4687 1104 4732 ab
1120 4683 1227 4748 iugenio
1244 4682 1344 4739 Juliaui
1362 4687 1495 4736 abhorret·

407 4811 448 4870 ⁸⁹)
471 4809 510 4855 De
527 4803 637 4868 caussis,
655 4818 703 4852 cur
721 4803 776 4852 sita
793 4803 939 4865 pepercerit
956 4803 1175 4867 Christianorum,
1194 4815 1247 4850 non
1266 4804 1333 4850 male
1351 4803 1495 4866 Gregorius
1513 4805 1623 4869 Nas.,p.
1642 4811 1683 4856 ts.

397 4923 597 4992 ···)1.eritatis
615 4922 642 4970 iu
660 4921 783 4970 mutanda
800 4919 930 4982 religione
947 4921 1094 4983 exemplum
1112 4925 1152 4969 est
1169 4920 1310 4970 Erebolius
1334 4921 1466 4984 sophista,
1489 4923 1535 4985 qui
1559 4939 1638 4986 quum
1661 4923 1769 4982 Iuliano
1794 4926 1939 4990 ἰιιρτιιιιιι
1965 4931 2113 5000 deiecisset,
2133 4943 2189 5000 post

473 5009 530 5068 ejus
547 5013 657 5057 mortem
674 5005 706 5054 ad
724 5002 888 5054 christianus
905 5005 984 5054 rediit
1000 5007 1087 5066 (Sors.
1107 5003 1156 5062 ut,
1177 5005 1239 5066 ld).

421 5111 453 5176 t)
471 5109 514 5159 Sic
531 5108 587 5170 ipse
605 5107 732 5172 unguine
749 5105 904 5154 abstersisse
922 5104 1048 5167 baptisma
1064 5118 1081 5154 a
1096 5105 1226 5169 Gregorio
1245 5115 1377 5158 narretur.
1412 5111 1456 5156 οι.
1473 5111 1518 5158 ιιι.
1537 5125 1560 5171 p.
1580 5113 1621 5164 ιι.
1640 5113 1667 5160 Β.
