4818 5800
1282 410 1341 498 20

401 607 490 691 etc).
531 605 564 671 Is
586 609 671 671 euim
693 626 787 691 quum
810 601 970 668 lulianum
993 627 1054 669 noa
1077 604 1180 670 solum
1202 605 1334 680 eodem,
1363 627 1425 692 quo
1452 603 1530 670 olim
1557 605 1728 672 lleroulcm
1757 619 1791 672 et
1817 603 1992 684 Bacchum,
2025 607 2079 691 qui
2106 607 2168 692 ipsi
2198 621 2231 673 et

401 737 590 810 regnassent
607 738 643 800 ,et
665 720 879 808 philosophati
900 734 1018 799 essent,
1039 722 1110 788 loco
1131 725 1269 809 positum
1291 742 1365 786 esse
1385 721 1538 799 dixisset,
1565 721 1623 786 sed
1650 725 1746 788 etiarn
1769 727 1844 809 jure
1864 726 1906 788 ab
1925 745 1966 789 eo
1986 726 2110 808 majora
2138 745 2231 810 quam

401 863 422 904 a
442 839 572 918 Solone,
593 839 724 916 Pittaco,
745 839 905 922 Lycurgo,
925 837 997 902 aliis
1013 839 1046 902 id
1070 860 1183 925 genus,
1205 842 1407 925 exspectari,
1441 838 1482 903 ad
1511 837 1591 904 haec
1617 836 1780 905 Julianus:
1810 842 1930 918 τούτοις
1957 839 2010 927 ἐγῶ
2037 852 2103 917 τοῖς
2133 842 2231 928 io'yorr

402 956 527 1042 ἐντυχὼν
555 957 710 1042 ἐξεπλάγην
736 961 850 1040 μικροῦ·
871 955 933 1023 col
959 955 1027 1039 μὲν
1053 955 1123 1042 γὰρ
1144 956 1425 1044 ὑπελάμβανον
1453 957 1634 1041 οὐδαμῶς
1658 956 1825 1039 θεμιτὸν
1849 956 2118 1038 salustiani
2146 959 2229 1046 ipsi·

403 1083 548 1142 aarum
569 1077 613 1160 (p.
634 1072 706 1146 254.
727 1072 797 1158 A.).
838 1069 929 1136 ldern
950 1076 999 1136 soi
1022 1073 1161 1159 augendi
1182 1071 1319 1138 studium
1341 1072 1482 1157 prodidit
1502 1095 1553 1153 eo,
1574 1074 1660 1160 quod
1681 1071 1831 1160 „liuguae
1853 1075 1982 1140 lusioris
2010 1089 2043 1139 et
2060 1075 2230 1141 admodum

402 1214 476 1257 raro
498 1191 639 1256 silentis'’
658 1189 777 1276 (amn.
800 1187 821 1252 l.
842 1188 880 1269 l.)
912 1203 993 1267 erat,
1023 1192 1189 1254 immemor
1219 1193 1290 1274 ejus
1317 1188 1437 1268 laudis,
1460 1211 1554 1277 quarn
1575 1193 1645 1275 ipse
1674 1187 1787 1254 Marco
1815 1194 1848 1255 iu
1882 1191 2075 1258 Caesaribus
2104 1193 2230 1258 tribuit:

403 1311 483 1388 ἔδοξε
504 1309 539 1394 δὴ
561 1306 614 1375 οὖν
636 1309 652 1374 ὁ
679 1307 803 1390 Μάρκος
820 1307 860 1373 soi
878 1335 911 1374 re
931 1305 1008 1374 itta
1028 1306 1201 1391 θανμᾶσιός
1221 1335 1267 1383 τις
1284 1310 1365 1387 εἶναι,
1386 1307 1436 1375 sai
1449 1306 1552 1391 ’σοφὸς
1579 1308 1793 1394 διαφερόντως,
1820 1307 1887 1386 ἄιε,
1909 1311 1999 1392 οἶμαι,
2025 1299 2231 1394 &merdosum

403 1429 493 1512 λέγειν
513 1426 624 1494 u'drror
645 1423 699 1511 χρὴ
720 1424 769 1493 καὶ
791 1429 874 1510 σιγᾷν
896 1424 955 1509 dur
974 1426 1066 1491 καλόν
1094 1423 1141 1510 (p.
1161 1427 1234 1494 328·
1255 1422 1320 1509 C·)·
1368 1423 1452 1490 Nam
1474 1423 1528 1488 ubi
1558 1423 1673 1510 aliquis
1699 1447 1797 1509 saepe
1817 1423 2011 1510 multumque
2031 1424 2179 1512 loquitur,
2200 1430 2229 1491 si

404 1542 483 1608 nihil
506 1542 604 1621 aliud,
626 1555 661 1608 at
685 1555 769 1606 certe
798 1541 1039 1606 immoderatum
1069 1544 1118 1605 sui
1147 1561 1286 1604 amorem
1319 1541 1446 1606 indicat.
1497 1540 1647 1626 Denique
1676 1540 1757 1604 haec
1784 1539 1944 1605 Aurmiani
1971 1540 2071 1605 rerha
2097 1542 2231 1608 afferam
2324 1577 2327 1586 ·

404 1681 497 1746 quae,
518 1675 667 1746 quantum
686 1658 809 1745 gloriae
830 1681 939 1722 amans
961 1659 1067 1736 luerit,
1089 1659 1219 1723 docent:
1261 1657 1381 1744 „Vulgi
1403 1655 1566 1744 plausibus
1587 1656 1708 1735 laetus,
1742 1656 1870 1722 laudum
1897 1661 1994 1724 etiam
2020 1681 2063 1722 ert
2092 1660 2230 1723 minimis

404 1776 500 1842 rebus
529 1779 744 1871 intemperans
766 1777 933 1860 appetitor,
955 1775 1175 1861 popularitatis
1195 1774 1368 1860 cupiditate
1395 1795 1464 1840 oum
1492 1775 1631 1862 indignis
1664 1774 1751 1862 loqui
1778 1795 1875 1859 saepe
1904 1775 2073 1841 allectans”
2106 1775 2227 1860 (Amor.

404 1892 545 1978 aare·
1885 1937 1904 1978 .

553 2009 661 2088 Quare
684 2025 717 2074 ιιι
739 2023 878 2075 nostram
900 2011 1090 2074 sententiam
1111 2009 1221 2093 paucis
1242 2007 1555 2094 comprehendamus,
1583 2009 1707 2074 ridetur
1736 2011 1828 2074 uubis
1850 2005 1998 2073 Julianus
2025 2013 2108 2076 inter
2127 2009 2229 2098 philo·

405 2129 523 2215 sophos
544 2128 630 2193 haud
650 2126 757 2191 infimo
777 2126 849 2191 loco
869 2126 1045 2210 ponendus,
1068 2147 1161 2212 reges
1177 2139 1283 2191 autem
1304 2128 1425 2213 antiqui
1447 2130 1608 2212 temporis,
1629 2147 1740 2190 omnes
1760 2127 1829 2190 iere
1851 2127 1992 2212 singulos
2013 2125 2150 2216 siugulis
2168 2129 2229 2190 rir-

405 2247 524 2312 tutibus
546 2257 599 2309 aut
627 2265 794 2329 superasse
822 2257 876 2307 ant
902 2257 990 2307 certe
1012 2263 1178 2328 aequasse,
1205 2241 1290 2306 idem
1311 2257 1418 2308 tamen
1439 2265 1509 2308 eum
1531 2245 1617 2308 veris
1638 2243 1827 2310 Christianis
1851 2245 1920 2306 sire
1942 2243 2140 2329 philosophis
2159 2246 2229 2308 sive

405 2364 535 2452 regibus
556 2364 613 2426 rix
635 2361 809 2444 comparari
829 2381 924 2445 posse
941 2359 1007 2445 il⁸).
1035 2357 1141 2445 Atque
1162 2373 1196 2422 ut
1216 2358 1420 2446 intelligatur,
1441 2372 1589 2448 quantum
1611 2362 1780 2425 recesserit
1800 2381 1820 2423 a
1840 2359 1968 2426 sublimi
1988 2360 2045 2426 illa
2066 2374 2098 2424 et
2120 2359 2228 2424 diuina

405 2483 551 2557 ueritate,
579 2499 672 2563 qnam
703 2476 876 2542 Christiani
904 2473 1101 2561 profitentur,
1124 2477 1192 2560 jam
1214 2487 1361 2541 extrema
1381 2490 1509 2543 noemae
1532 2477 1752 2563 disputationis
1773 2489 1862 2562 parte
1883 2479 2076 2556 ostendetur,
2096 2499 2160 2564 qua
2180 2499 2229 2541 ra·

407 2599 495 2662 tione
517 2595 717 2662 Christianos
738 2591 791 2656 vel
813 2593 962 2659 refellere
985 2595 1037 2660 rel
1058 2595 1236 2678 opprimere
1258 2596 1422 2660 studuerit.

555 2759 613 2828 lll.
648 2759 735 2837 Qua
756 2763 921 2825 ratione
942 2759 1139 2828 Julianus
1160 2764 1207 2828 ad
1229 2762 1519 2863 opprimendos
1540 2763 1805 2829 Christianos
1826 2785 1923 2828 usos
1943 2764 2075 2828 luerit.

458 2981 468 2994 ,
554 2911 617 2978 llic
637 2913 771 2997 primum
793 2911 960 2976 dicendum
982 2912 1117 2992 ridetur,
1138 2937 1208 2978 earu
1228 2917 1394 2993 rationem,
1415 2913 1632 3000 qualeliauus
1648 2915 1801 2978 adversus
1816 2912 2015 2978 Christianos
2029 2935 2104 2979 ursus
2122 2913 2227 2990 luerit,

404 3031 535 3097 multum
557 3030 686 3094 dill'erre
708 3027 748 3092 ah
771 3050 821 3104 ea,
841 3049 935 3113 quam
956 3043 1029 3092 ante
1051 3032 1152 3116 ipsum
1174 3031 1231 3096 alii
1251 3035 1460 3115 imperatores
1482 3033 1629 3110 inierant,
1651 3031 1701 3095 rel
1724 3031 1806 3117 quod
1828 3034 1957 3095 omniuo
1978 3033 2018 3094 iis
2039 3032 2169 3116 ingenio
2190 3050 2227 3093 ac

403 3147 545 3214 moribus
567 3147 661 3233 louge
683 3143 878 3230 praestabat,
900 3145 950 3209 rel
972 3147 1055 3232 quod
1077 3151 1124 3211 sic
1144 3148 1257 3212 melius
1279 3145 1446 3211 ecclesiam
1468 3150 1601 3234 opprimi
1629 3170 1723 3234 posse
1745 3162 1897 3233 speraret,
1923 3149 2111 3234 praesertim
2132 3169 2226 3234 quum

405 3269 508 3351 major
529 3267 600 3350 jam
629 3275 714 3326 esset
741 3275 809 3327 toto
837 3264 914 3328 orbe
944 3262 1195 3330 Christianorum
1221 3287 1370 3330 numerus
1396 3285 1488 3349 quam
1518 3264 1697 3351 gentilium,
1723 3264 1773 3328 vel
1798 3263 1934 3352 denique
1956 3264 2039 3351 quod
2060 3267 2130 3349 ipse
2151 3262 2226 3327 olim

405 3383 539 3447 eandem
559 3380 657 3445 fidem
679 3379 842 3465 professus
863 3392 943 3444 erat.
985 3378 1071 3445 llum
1091 3383 1207 3472 igitur,¹
1220 3357 1291 3446 cum
1312 3381 1377 3446 illis
1398 3395 1621 3466 comparatum,
1648 3381 1840 3447 laudandum
1868 3403 2034 3446 censemus
2055 3378 2227 3458 lulianum,

404 3498 488 3586 quod
510 3520 573 3563 nou
595 3498 681 3562 lerro
703 3509 737 3558 et
755 3499 911 3581 sauguine
931 3495 1029 3562 fidem
1050 3498 1286 3584 exstirpandam
1307 3511 1442 3583 putaret,
1464 3512 1568 3563 tamen
1590 3501 1692 3585 ipsum
1715 3498 1801 3562 nulla
1822 3497 1886 3562 alia
1907 3501 1939 3562 in
1961 3521 1996 3562 re
2018 3500 2120 3584 aragia
2140 3496 2227 3562 infir·

403 3637 490 3680 nrum
519 3628 613 3700 atque
639 3612 746 3677 levem
778 3613 876 3677 luisse
899 3615 1090 3698 judicamus,
1117 3636 1209 3700 quam
1238 3629 1314 3693 tum,
1345 3636 1439 3701 quum
1469 3613 1667 3680 Christianos
1694 3614 1878 3683 lacesseret.
1926 3614 2009 3681 Nam
2036 3630 2070 3680 ut
2091 3616 2225 3699 primum

403 3731 580 3808 videamus,
600 3732 714 3818 quibus
736 3733 929 3816 argumentis
949 3729 1063 3796 falsam
1087 3753 1159 3796 esse
1180 3731 1430 3798 Christianorum
1453 3732 1626 3796 doctrinam
1648 3731 1784 3796 voluerit
1804 3732 2038 3810 demonstrare,
2060 3730 2140 3795 haec
2160 3733 2225 3818 qui·

403 3848 487 3926 deru,
509 3869 590 3935 quae
612 3869 760 3934 maguam
780 3861 900 3931 partem
922 3845 1043 3931 Cyrillo
1067 3848 1289 3914 Alexandrino
1312 3847 1463 3914 dehemus
1484 3861 1623 3926 serrata,
1643 3861 1763 3914 tantum
1784 3851 1878 3914 abest
1901 3863 1936 3913 ιιι
1956 3852 2072 3914 rationi
2094 3869 2225 3913 cousen-

404 3979 499 4030 tanea
521 3979 554 4028 et
576 3964 706 4028 exculto
728 3967 857 4050 ingenio
887 3963 1021 4049 alicujus
1041 3964 1226 4052 philosophi
1246 3965 1344 4052 digna
1364 3966 1439 4042 siut,
1460 3978 1495 4029 nt
1514 3967 1579 4030 nisi
1599 3966 1760 4030 obstinato
1781 3966 1917 4052 quodam
1939 3969 2044 4031 auimo
2065 3965 2223 4031 lulianum

402 4081 592 4147 Christianis
615 4082 771 4146 infensum
793 4080 893 4145 luisse
915 4093 1071 4166 putamus,
1091 4083 1248 4148 interdum
1270 4082 1358 4147 dubii
1379 4083 1473 4146 nohis
1500 4082 1600 4146 videri
1620 4084 1788 4169 possimus,
1816 4105 1891 4148 num
1911 4083 1995 4148 idem
2017 4081 2162 4148 lulianus
2183 4084 2225 4146 sit

401 4198 454 4263 hio
475 4212 568 4285 atque
598 4197 663 4277 ille,
690 4219 783 4285 quern
810 4197 909 4262 multa
938 4197 1079 4262 doctrina
1100 4198 1269 4286 multisono
1290 4199 1455 4263 virtutihus
1476 4198 1666 4264 excelluisse
1689 4200 1833 4268 vidimus.
1875 4185 1951 4266 Nun
1971 4203 2069 4265 miror
2097 4199 2224 4288 quidem

401 4319 432 4378 ei
452 4314 580 4380 humani
603 4313 720 4400 aliquid
742 4315 907 4380 accidisse.
949 4312 1064 4380 Omnis
1085 4319 1169 4380 enim
1190 4318 1344 4380 memoria
1365 4337 1469 4379 rerum
1490 4317 1569 4380 satis
1591 4317 1708 4394 docuit,
1729 4321 1905 4404 manuque
1925 4317 2003 4383 fidei
2023 4316 2224 4383 Christianae

400 4452 436 4494 se
459 4435 651 4516 opposuerit,
673 4453 746 4495 enm
767 4435 869 4518 magia
890 4430 951 4496 sibi
973 4454 1065 4518 quam
1088 4432 1161 4497 aliis
1182 4453 1257 4497 suas
1279 4435 1445 4517 opiniones
1467 4434 1631 4518 probasse.
1674 4430 1779 4510 Quum
1800 4437 1885 4498 enim
1906 4437 2009 4500 omnis
2031 4437 2148 4500 veritas
2167 4431 2225 4498 illa

401 4547 544 4612 doctriua
566 4549 776 4624 contineatur,
796 4547 867 4613 fieri
890 4570 953 4614 nou
975 4562 1089 4634 potest,
1110 4552 1184 4637 quin
1208 4551 1261 4636 qui
1282 4546 1323 4613 ab
1343 4547 1399 4613 illa
1421 4547 1602 4631 abhorreat,
1622 4550 1760 4615 idemab
1777 4554 1847 4637 ipsa
1867 4555 2002 4617 varitate
2014 4549 2223 4617 abalienetur.

448 4805 474 4870 ³)
496 4803 646 4864 vituperari
665 4803 692 4852 id
709 4817 811 4865 quoque
829 4809 928 4866 posset,
947 4805 1026 4867 quod,
1044 4804 1104 4853 dnm
1122 4802 1414 4870 rircrstcoustaulius,
1437 4803 1523 4853 odium
1542 4805 1568 4852 in
1586 4805 1751 4856 Christianos
1768 4813 1796 4857 et
1812 4807 1840 4856 in
1858 4807 1941 4869 ipsum
1951 4778 2131 4858 chnutshtium
2145 4806 2223 4858 dissi·

498 4889 599 4936 mulare
617 4903 670 4938 auu
687 4888 829 4952 dubitaret,
848 4889 954 4938 illorum
972 4890 1071 4952 templa
1087 4891 1258 4949 frequentans
1275 4891 1410 4950 Deumque
1426 4889 1538 4938 udonus
1557 4887 1637 4952 (quod
1655 4896 1723 4940 leste
1742 4893 1878 4942 Ammiano
1896 4893 1943 4946 hh.
1966 4895 2011 4946 st.
2031 4894 2089 4942 init.
2114 4910 2139 4958 p.
2165 4895 2223 4941 tat.

497 4973 575 5022 etiam
585 4975 674 5037 paullo
683 4980 822 5036 antequam
831 4975 966 5036 imperium
979 4976 1134 5041 susciperet,
1145 4977 1176 5023 ab
1185 4991 1217 5025 eo
1227 4977 1322 5024 laetum
1335 4976 1399 5039 est),
1419 4975 1486 5024 huus
1496 4975 1584 5038 tongi·
1592 4975 1862 5026 orationibureximie
1872 4978 1981 5028 laudam
1990 4979 2076 5044 (ortt.
2092 4979 2113 5027 l.
2126 4983 2153 5028 et
2165 4979 2222 5043 ll).

428 5076 467 5141 ⁸⁰)
488 5075 527 5123 ci.
544 5088 585 5135 ea,
603 5088 669 5136 qaae
686 5075 810 5124 Neander
827 5090 853 5137 p.
873 5077 973 5126 12⁰.st
991 5076 1049 5124 121.
1067 5077 1099 5124 ds
1117 5075 1221 5139 cynicis
1236 5090 1253 5124 a
1268 5073 1377 5131 Iuliano
1395 5075 1508 5126 laudatis
1525 5075 1664 5127 ramasime
1678 5077 1792 5138 judicat.
