4818 5800
1273 425 1328 508 16

541 615 612 683 Jaru
634 617 676 683 ad
698 632 839 705 quartam
862 622 1020 697 virtutem,
1040 639 1124 706 quae
1140 621 1246 705 posita
1266 633 1316 684 est
1335 621 1369 683 in
1390 586 1593 699 fortitudine,
1607 621 1873 709 transgredimur..
1886 618 1979 699 Qure
1989 625 2116 708 quidem
2130 637 2216 691 tanta

393 740 426 802 in
447 757 487 801 eo
508 737 583 815 fuit,
605 749 640 799 ut
659 738 773 800 merito
793 735 975 799 fortissimis
996 737 1133 798 uranium
1154 748 1329 818 temporum
1357 732 1539 802 horninibus
1566 741 1698 824 aequari
1717 759 1812 824 ponae
1833 738 1990 806 videatur.
2038 739 2216 807 Memoriae

394 868 467 920 aunt
484 853 609 943 prodita
630 852 728 919 malta
749 854 880 938 egregia
902 851 1057 926 facinora,
1078 873 1160 936 quae
1187 854 1221 914 iu
1240 849 1337 915 bellis
1366 850 1521 917 adversus
1549 852 1726 918 Germanou
1753 867 1786 920 et
1812 855 1930 920 Persae
1958 855 2067 926 edidit.
2109 855 2219 934 Quoc-

394 973 466 1038 dam
491 974 631 1037 cominus
652 989 842 1055 congressus
864 990 933 1031 eum
946 965 1197 1044 dnobual’ersis,
1209 969 1277 1051 ipse
1298 990 1395 1032 unum
1410 967 1503 1032 ferro
1523 968 1669 1044 confixit,
1690 970 1765 1035 dum
1784 973 1917 1041 comiter
1936 970 2072 1037 altarum
2088 973 2217 1040 obtrun-

394 1103 476 1168 aaut,
498 1089 582 1177 quod
601 1088 725 1152 facinus
749 1084 789 1148 ad
809 1083 943 1169 gloriam
961 1080 1117 1168 Torquati
1135 1081 1321 1170 Valet-iique
1342 1084 1501 1148 accedere.
1511 1082 1698 1152 Ammianus
1717 1087 1796 1152 dicit
1815 1086 1862 1152 lb.
1881 1092 1934 1160 24
1954 1110 1986 1174 p·
2007 1091 2080 1159 um.
2111 1088 2216 1156 Simili

393 1207 526 1275 audacia
555 1202 718 1268 castellum
744 1221 843 1288 prope
874 1198 1112 1284 Ctesiphontem
1134 1221 1316 1285 aggressus,
1334 1223 1438 1288 paene
1459 1213 1594 1266 mortem
1614 1204 1735 1268 incenit
1763 1202 1863 1288 (ibid.
1887 1225 1919 1290 p.
1939 1205 2032 1291 297).
2073 1203 2216 1271 Omnino

392 1325 576 1412 plerumque
606 1335 672 1386 tam
700 1333 829 1382 strenue
856 1315 1033 1401 pugnabat,
1063 1329 1098 1378 ut
1124 1317 1362 1402 „ignoraretur,
1390 1316 1457 1380 dux
1481 1331 1585 1395 esset,
1614 1339 1655 1382 an
1682 1319 1777 1384 miles
1805 1323 1935 1407 magia*
1957 1319 2049 1404 (lbid.
2070 1343 2102 1407 p.
2121 1323 2214 1409 301).

394 1442 503 1521 Quare
516 1438 642 1502 ibidem
664 1434 707 1500 lb.
727 1439 778 1504 lb
799 1454 828 1517 p.
849 1437 928 1502 314:
951 1432 1045 1519 „Ipse
1069 1446 1187 1497 trucem
1209 1433 1333 1498 hortem
1354 1435 1419 1499 ictu
1440 1433 1594 1511 confecit,
1615 1433 1765 1500 audacter
1792 1457 1999 1524 congressus,
2030 1459 2068 1502 uo
2089 1451 2214 1505 nocuos

394 1560 544 1626 cedentes
565 1555 690 1638 objecto
711 1563 838 1637 pectore
860 1571 918 1614 sno
940 1550 1108 1637 aliquoties
1129 1549 1273 1616 cohibuit
1305 1547 1408 1624 solum
1441 1571 1603 1636 regesque
1632 1551 1805 1618 furentium
1830 1550 2060 1618 Germanorum
2087 1558 2215 1622 exscin-

394 1678 482 1755 dens,
504 1687 537 1738 et
558 1673 590 1735 iu
611 1667 741 1754 pulvere
762 1680 912 1752 vaporato
932 1666 1075 1732 Persidis
1095 1667 1234 1753 cogebat
1253 1663 1401 1728 fiduciam
1423 1665 1544 1744 militie,
1565 1666 1719 1732 dimicans
1740 1670 1823 1734 inter
1842 1672 1987 1753 primos!

545 1787 607 1854 llis
628 1799 776 1872 quattuor
797 1782 966 1846 virtutibus
978 1782 1123 1868 adjungit
1133 1781 1322 1846 Ammianus
1336 1784 1500 1848 eciedtiam
1518 1783 1567 1848 rei
1589 1783 1748 1862 militaris,
1768 1787 1998 1865 auctoritatem,
2018 1787 2213 1866 felicitatem,

392 1908 625 1978 liberalitatem.
668 1902 720 1969 De
742 1902 843 1986 prima
863 1899 989 1985 quidem
1011 1896 1122 1962 barura
1143 1901 1293 1962 virtutum
1309 1900 1378 1982 jam
1400 1920 1495 1986 supra
1516 1898 1673 1976 diximus,
1694 1902 1913 1966 aumomtatem
1934 1915 2039 1969 autem
2061 1918 2093 1970 et
2114 1905 2214 1972 felici·

392 2041 490 2096 tatem
509 2026 565 2088 vix
588 2020 684 2085 hodie
704 2017 872 2083 virtutibus
889 2015 1089 2091 adnumeres,
1111 2016 1172 2078 nisi
1194 2015 1276 2078 forte
1298 2029 1383 2080 artes
1404 2029 1543 2100 spectas,
1564 2018 1678 2102 quibus
1691 2016 1826 2082 alteram
1843 2019 1902 2084 tibi
1916 2039 2092 2105 compares,
2112 2022 2213 2088 altera

392 2147 502 2211 utaris.
543 2141 585 2204 Et
604 2136 769 2202 laudamus
790 2132 916 2220 quidem
937 2153 1130 2216 magnopere
1152 2151 1224 2196 earn
1246 2135 1413 2208 rationem,
1436 2153 1498 2218 qua
1518 2135 1739 2198 auctoritatem
1759 2131 1895 2218 adeptus
1921 2150 1982 2202 eat.
2031 2135 2102 2203 Neo
2129 2141 2211 2204 enim

391 2265 450 2339 iis,
478 2258 590 2345 quihus
611 2251 731 2326 solent,
759 2249 879 2313 artibus
901 2269 973 2312 earu
994 2268 1112 2332 augere
1135 2261 1167 2310 et
1187 2245 1375 2314 confimarc
1396 2247 1555 2326 studebat,
1575 2248 1635 2314 sed
1655 2251 1783 2314 oruiasie
1802 2250 1872 2316 fere
1892 2251 2039 2318 omuibus
2059 2255 2100 2318 iia
2127 2255 2213 2340 adju·

391 2378 518 2452 mentis,
540 2391 621 2458 quae
643 2369 775 2452 abipso
795 2367 922 2429 nomiae
943 2365 1034 2450 regio
1054 2377 1088 2427 et
1109 2365 1263 2448 dignitate
1283 2375 1393 2448 petere
1413 2379 1534 2450 posset,
1556 2363 1725 2430 virtutibus
1745 2366 1823 2432 solis
1845 2387 1884 2432 ac
1899 2367 2014 2453 judicii
2035 2369 2213 2436 doctrinae·

391 2517 452 2584 que
473 2451 667 2578 praestantia
690 2481 772 2547 alins
794 2496 826 2545 et
847 2503 961 2567 regere
983 2478 1083 2544 voluit
1104 2491 1136 2544 et
1159 2481 1296 2543 vincere.
1319 2477 1428 2556 Quare
1453 2480 1538 2546 haud
1559 2502 1661 2567 pauca
1681 2481 1831 2568 exempla
1850 2483 1892 2547 ab
1917 2483 2062 2550 omnibns
2082 2489 2213 2574 scripto-

391 2610 480 2678 ribus
501 2605 603 2672 relata
624 2615 705 2678 suut,
727 2600 840 2685 quihus
861 2597 1007 2672 efficitur,
1028 2617 1099 2660 eum
1121 2594 1307 2681 simpliciter
1323 2619 1395 2660 cum
1416 2596 1562 2664 omnibus
1593 2598 1774 2664 hominibus
1802 2612 1958 2670 versatum
1981 2599 2159 2690 (Misopug.
2181 2627 2211 2690 p.

391 2729 464 2797 352
486 2725 523 2790 C·
544 2722 645 2796 ἁπλῶς
665 2718 697 2786 di
718 2716 767 2785 ani
788 2717 952 2799 ἐλευθέρως
976 2717 1007 2782 ἐκ
1027 2719 1083 2780 rui
1103 2712 1168 2779 icoc
1193 2717 1266 2778 πᾶσι
1286 2712 1540 2798 τροςφέρεσθαι),
1570 2737 1630 2780 nee
1656 2739 1693 2780 se
1715 2717 1919 2801 imperatoria
1939 2715 2093 2801 dignitate
2120 2727 2211 2807 quasi

391 2845 566 2912 munivisse
587 2837 740 2902 adversus
763 2833 855 2910 alios,
877 2845 931 2896 ant
952 2850 1084 2915 magnos
1113 2829 1242 2916 spiritus
1263 2826 1337 2891 inde
1366 2833 1549 2914 sumpsisse.
1592 2831 1692 2917 Cujus
1720 2835 1766 2896 rei
1790 2832 1972 2897 testimonio
1996 2847 2045 2898 est
2069 2840 2212 2904 maxime

391 2958 561 3030 Antiochia
581 2956 667 3019 urbs.
709 2951 807 3035 Cujus
829 2947 952 3014 incolae
973 2969 1067 3033 quum
1097 2947 1239 3011 maxima
1259 2949 1481 3030 imperatorem
1502 2945 1631 3012 licentia
1658 2947 1917 3025 lacessivissent‚
1944 2970 2078 3038 eumque
2105 2970 2211 3020 contu·

391 3076 496 3144 meliis
517 3089 550 3137 et
570 3073 695 3156 injuriis
718 3067 916 3154 gravissimis
936 3062 1160 3144 offendissent,
1179 3075 1285 3125 tamen
1307 3064 1376 3147 ipse
1403 3084 1461 3127 eos
1488 3064 1576 3129 nulla
1607 3063 1733 3128 aliare
1760 3066 1822 3128 uisi
1848 3062 1931 3129 libro
1959 3067 1992 3129 iu
2022 3087 2079 3132 coa
2107 3071 2210 3138 facete

391 3173 569 3276 conscripto
589 3186 622 3273 ⁸)
644 3187 776 3272 punivit,
797 3203 832 3247 re
853 3177 992 3265 probans
1014 3200 1083 3242 earn
1101 3177 1304 3255 seutentiam,
1324 3199 1406 3264 quae
1428 3179 1511 3263 apud
1539 3182 1641 3267 ipsum
1668 3180 1784 3267 legitur
1805 3185 1856 3266 ep‘.
1884 3185 1925 3250 52
1951 3183 2028 3269 λόγῳ
2053 3184 2087 3253 δὲ
2113 3192 2210 3257 arida

391 3324 467 3381 noar
486 3307 541 3397 χρὴ
562 3304 611 3372 καὶ
632 3304 823 3377 dedii-,aeoliae
842 3296 914 3371 coir
933 3295 1123 3378 ἀνθρώπους,
1144 3294 1181 3360 ori
1201 3301 1325 3378 πληγαῖς
1345 3294 1414 3364 odoi
1434 3294 1555 3382 ὕβρεσιν.
1569 3297 1638 3366 οὐδὲ
1658 3299 1783 3382 αἰκισμῷ
1803 3305 1858 3367 voti
1877 3299 2023 3384 σώματος.
2053 3301 2211 3370 Liberali·

278 3475 284 3487 ·
391 3443 489 3496 tatem
511 3427 581 3510 ejus
601 3420 787 3486 Ammianus
809 3417 855 3478 sic
876 3412 984 3477 laudat
1004 3409 1025 3473 l.
1046 3409 1085 3475 l.:
1107 3409 1274 3496 „plurima
1296 3414 1406 3498 inquit,
1427 3411 1629 3479 liberalitatis
1650 3418 1832 3479 testimonia
1859 3426 1893 3478 et
1913 3419 2096 3496 verissima,
2127 3422 2211 3487 inter

391 3565 473 3632 quae
493 3540 611 3606 indicta
632 3553 704 3601 sunt
724 3533 910 3598 tributurum
929 3527 1099 3592 admodum
1119 3525 1215 3603 levia,
1237 3531 1437 3593 coronarium
1458 3528 1625 3608 indultum,
1646 3534 1780 3595 remissa
1802 3529 1919 3608 debita,
1941 3531 2042 3599 multa
2059 3534 2210 3602 ,linem-05.

390 3677 456 3729 tate
477 3669 640 3743 congesta,
663 3648 889 3738 aequatalisci
901 3647 1016 3734 'iurgia
1037 3667 1106 3709 curn
1129 3648 1270 3730 privatis,
1291 3645 1461 3732 vectigalia
1482 3645 1663 3712 civitatibus
1683 3648 1829 3712 restituta
1860 3669 1931 3712 cum
1951 3648 2069 3729 fundit,
2089 3651 2211 3740 ubsque

390 3781 452 3857 his,
473 3796 552 3863 quos
574 3771 660 3836 velut
675 3772 749 3854 jure
770 3763 942 3830 vendidere
965 3764 1155 3847 praeteritae
1174 3775 1359 3848 postetates,
1380 3762 1525 3849 quodque
1544 3784 1699 3850 nunquam
1723 3763 1888 3851 augendae
1909 3769 2063 3851 pecuniae
2079 3769 2209 3855 cupidus

391 3899 453 3963 fuit
474 3895 550 3961 etc.”
570 3925 615 3940 -·

541 4008 602 4074 llis
625 3999 791 4067 virtutibus
812 3996 853 4062 ab
874 3997 1044 4062 Ammiano
1065 3994 1203 4061 laudatis
1226 3996 1310 4062 haud
1332 3996 1469 4061 alienum
1492 3996 1616 4062 videtur
1636 3997 1755 4064 addere
1777 4002 1847 4084 ejus
1867 3999 2104 4078 humanitatem,
2127 4025 2207 4088 quar

391 4143 479 4194 tanta
504 4127 539 4191 iu
568 4144 607 4188 eo
627 4122 706 4196 fuit,
733 4131 767 4182 ut
793 4113 939 4180 omnibus
960 4117 1078 4198 pariter
1104 4111 1284 4181 hominibus
1312 4136 1434 4178 comem
1463 4135 1501 4178 ac
1525 4129 1724 4180 mansuetum
1749 4137 1785 4180 se
1814 4125 2000 4204 praestaret.
2051 4115 2209 4202 imprimis

392 4261 498 4312 autern
529 4237 728 4308 familiariter
755 4231 952 4318 philosophis
984 4231 1146 4317 doctisque
1175 4231 1356 4296 homiuibus
1387 4229 1543 4295 utebatur.
1595 4229 1649 4295 Sin
1669 4254 1761 4308 „curu
1784 4232 1823 4295 ad
1843 4231 1938 4316 Pylas
1962 4235 2121 4312 venisset,
2155 4241 2208 4322 qui

389 4363 480 4429 locus
501 4356 708 4445 Cappadocas
730 4351 880 4414 discernit
902 4363 934 4413 et
956 4346 1096 4436 Cilicas,
1121 4347 1229 4412 osculo
1256 4363 1435 4434 susceptum
1458 4363 1612 4414 rectorem
1634 4351 1816 4433 provinciae
1838 4352 1965 4414 nornine
1986 4349 2116 4416 Celsum
2136 4356 2208 4438 jam

390 4476 466 4544 inde
487 4498 508 4540 a
528 4473 640 4539 studiis
662 4469 820 4554 cognitum
841 4465 967 4542 Atticis,
989 4468 1183 4552 accitumque
1196 4467 1229 4528 in
1244 4487 1426 4530 consensum
1445 4465 1581 4530 vehiculi
1592 4463 1727 4530 Tarsum
1743 4485 1850 4530 secum
1864 4467 2019 4536 induxit?
2050 4467 2208 4536 Ammine.

389 4595 434 4661 lb.
455 4597 506 4664 22.
534 4613 564 4677 p,
584 4591 656 4658 238
697 4583 784 4650 ldem
814 4581 926 4647 ultimo
955 4555 1039 4645 vitae
1072 4601 1155 4645 anno
1186 4603 1256 4646 eum
1282 4581 1434 4646 Sallustio
1454 4581 1656 4663 ,consanum
1685 4582 1770 4658 iniit,
1803 4595 1856 4662 „et
1888 4584 2054 4650 videbatur
2080 4607 2207 4668 novam,

391 4712 571 4797 adjunctum
606 4725 678 4770 esse
712 4703 858 4788 Augusto
891 4700 1064 4785 privatum,
1099 4697 1180 4784 quod
1215 4709 1286 4784 post
1317 4697 1550 4764 Diocletianum
1578 4713 1609 4762 et
1639 4697 1853 4764 Aristobulum
1886 4697 1989 4766 nullus
2020 4705 2209 4771 meminerat

443 5013 470 5080 'l
496 5013 572 5062 ΗΜ
596 5011 747 5060 ³⁰¹¹¹l¹¹¹¹⁰²
771 5009 802 5054 '¹’
825 5019 857 5054 ‘⁰
881 5005 1054 5066 mmmm·
1077 5004 1138 5062 tufa
1165 5003 1321 5056 antiocheni
1349 5004 1421 5052 iuter
1447 5003 1500 5051 alie
1529 5001 1654 5066 dicteria,
1689 5003 1801 5056 maxime
1830 5005 1988 5058 inconditam
2020 5008 2078 5066 eiua
2103 5010 2205 5058 utun

488 5097 636 5149 irriserant.
