4818 5800
1106 443 1160 530 ‘21

220 636 329 715 Quare
351 637 454 724 magis
475 637 599 712 anirum,
616 638 644 700 ti
666 638 736 723 quis
758 658 829 702 earn
849 635 946 702 fidem
968 637 1094 702 deserit.
1118 637 1183 702 Sed
1206 639 1353 726 quoniam
1377 637 1408 702 id
1430 660 1512 704 nunc
1534 662 1595 704 aon
1618 640 1753 726 disputo,
1770 643 1840 724 jam
1857 657 1897 702 eo
1910 635 2042 702 redeam

219 755 303 820 unda
325 754 487 840 digressus
507 773 586 816 sum.
613 751 745 818 Possem
768 756 874 840 igitur,
896 757 957 818 nisi
979 757 1027 819 rei
1047 777 1099 819 me
1122 754 1274 832 taederet,
1295 754 1393 820 multa
1414 758 1484 839 ejus
1505 759 1632 842 generis
1653 757 1782 833 afferre,
1802 777 1882 844 quaa
1906 752 2044 820 absurda

220 873 375 938 videntur.
418 869 510 934 Haec
530 891 631 955 panca
658 869 827 936 sufficient.
869 870 1066 936 Christianos
1089 874 1133 936 ait
1156 871 1295 936 noluisse
1318 892 1503 956 permanere
1526 876 1557 936 in
1580 873 1736 960 religione
1757 871 1962 948 Iudaeorum,
1984 891 2043 934 aec

219 1005 323 1053 tamea
346 990 464 1053 tanaire
487 987 529 1052 ad
550 985 702 1065 Graecas,
723 987 781 1052 aad
803 988 843 1050 ab
866 990 1005 1072 utrisque
1028 991 1105 1052 vitia
1130 989 1293 1074 petivisse,
1314 985 1491 1066 aJudaeis,
1514 1001 1546 1054 nt
1569 989 1647 1054 deos
1669 989 1880 1076 negligerent,
1900 1011 1920 1052 a
1942 987 2042 1054 Grae·

219 1109 276 1185 cis,
299 1119 332 1171 ut
354 1104 539 1170 dissolutum
568 1107 653 1168 vitae
680 1125 782 1191 genus
809 1119 1016 1190 aequarentur
1041 1105 1132 1190 (Cyr.
1162 1129 1190 1190 p.
1217 1105 1268 1176 43.
1290 1118 1322 1169 et
1344 1104 1443 1189 238.)
1487 1104 1575 1170 Male
1596 1104 1712 1170 Mosen
1734 1107 1849 1170 iecisse
1871 1105 1973 1169 Deum
1997 1105 2043 1169 di·

219 1238 353 1301 centcnr,
382 1243 446 1286 nna
473 1221 596 1286 bonum.
619 1242 691 1285 essa
719 1219 821 1286 solnm
849 1223 958 1285 vivere
986 1224 1097 1298 virum,
1127 1245 1220 1308 quum
1247 1223 1365 1286 femina
1395 1222 1510 1286 nralum
1537 1223 1599 1306 ipsi
1625 1222 1730 1287 futura
1757 1223 1869 1287 suisset
1894 1223 1939 1308 (p.
1962 1218 2041 1303 75.)-

218 1339 324 1418 llidet,
345 1339 429 1426 quod
458 1337 546 1404 Deus
573 1351 725 1402 narretur.
744 1337 886 1402 noluisse
913 1337 1093 1402 hominibus
1120 1342 1263 1404 notitiam
1293 1338 1366 1406 boni
1390 1353 1422 1402 et
1442 1339 1517 1404 mali
1540 1337 1691 1418 tribuere,
1718 1360 1828 1424 parum
1849 1337 2041 1424 intelligens,

219 1455 293 1543 quid
324 1475 364 1519 ea
390 1453 491 1519 verba
518 1453 697 1541 significent
725 1454 772 1541 (p.
793 1452 870 1539 89.)
911 1453 1057 1520 laridum
1087 1457 1187 1521 videri
1214 1455 1329 1533 Deum,
1365 1460 1449 1543 qnod
1477 1478 1521 1520 ex
1555 1457 1704 1540 paradiso
1733 1457 1866 1539 ejecerit
1896 1452 2040 1518 homiues

219 1572 268 1659 (p.
289 1575 367 1656 93.),
400 1575 564 1657 injustum,
591 1573 676 1658 quod
704 1585 826 1636 tantum
851 1569 1045 1638 ludaeorum
1069 1595 1174 1646 curam
1196 1575 1338 1658 gessisse
1360 1572 1493 1650 dicatur,
1514 1572 1668 1657 neglectis
1689 1575 1804 1638 ceteris
1824 1568 1971 1658 gentibus
1993 1568 2041 1654 (p.

218 1689 308 1775 106.)
329 1689 379 1776 *).
417 1687 533 1753 Mosen
561 1691 662 1774 magis
691 1703 725 1752 ut
754 1688 903 1774 populum
926 1690 1067 1764 duceret,
1089 1711 1181 1776 quam
1204 1703 1239 1754 ut
1260 1693 1425 1754 veritatem
1447 1690 1605 1777 proderet,
1626 1687 1726 1754 verba
1747 1690 1863 1752 fecisse
1884 1693 1930 1773 (p.
1952 1683 2040 1772 168).

217 1807 369 1892 Ejusdem
390 1807 516 1891 scriptis
538 1803 578 1870 ab
600 1807 683 1870 Esra
705 1805 857 1893 quaedam
881 1807 1006 1891 adjecta
1033 1805 1153 1890 (ibid.)-
1196 1804 1304 1872 lesum
1327 1806 1404 1871 nibil
1426 1829 1483 1892 per
1505 1819 1600 1870 tutam
1624 1807 1718 1872 vitam
1741 1805 1908 1871 admodum
1924 1823 2041 1867 memo·

218 1922 318 1988 rabila
335 1923 466 1998 fecisse3
489 1923 564 2009 quid
586 1926 669 1988 enirn
691 1926 798 2010 magni
820 1945 903 2002 ease,
925 1923 1008 2010 quod
1032 1923 1162 1988 claudos
1183 1936 1215 1987 et
1237 1944 1350 1988 coecos
1374 1937 1406 1987 et
1420 1922 1512 1988 malis
1534 1921 1740 1987 daemonibus
1759 1933 1921 2006 correptor
1942 1919 2041 1986 honri·

218 2062 276 2106 nes
297 2042 455 2104 curaverit
481 2045 528 2124 (Ρ.
555 2040 654 2126 191.).
697 2037 782 2107 idem
812 2055 1010 2127 comparatur
1037 2063 1106 2106 cnm
1128 2039 1281 2106 Dardano
1304 2054 1336 2104 ct
1356 2037 1462 2106 Numa
1484 2043 1527 2125 (p.
1550 2039 1637 2124 193).
1680 2039 1790 2106 Crucis
1812 2039 1934 2123 signum
1957 2035 2041 2100 cultu

218 2159 321 2222 minus
339 2155 468 2240 dignum
489 2177 583 2243 quam
603 2157 705 2222 ancile
728 2156 776 2243 (p.
800 2157 899 2243 194).
938 2156 1163 2244 Aesculapium
1183 2155 1297 2222 melius
1321 2157 1360 2222 da
1383 2156 1563 2222 hominibus
1584 2159 1730 2222 meritum
1749 2175 1930 2240 essequam
1951 2151 2042 2218 Chri·

216 2287 297 2338 stum
320 2271 368 2358 (p.
388 2272 486 2358 aba).
527 2271 647 2352 Jesnm,
668 2296 726 2360 per
744 2269 841 2362 'quem
861 2285 991 2339 auctora
1012 2272 1135 2339 Joauaa
1158 2240 1268 2340 omues
1290 2295 1342 2339 res
1364 2287 1490 2338 creatae
1513 2275 1665 2350 dicantur,
1688 2293 1728 2336 ne
1750 2272 1890 2356 potuisse
1912 2267 2038 2354 quidem

217 2392 390 2456 amicornm
412 2402 444 2453 et
463 2391 705 2476 propinquorum
727 2393 850 2456 animos
875 2393 938 2457 sibi
959 2390 1137 2459 conciliare.
1180 2391 1322 2456 Eundem
1346 2413 1441 2456 arnum
1463 2411 1505 2454 ex
1527 2389 1680 2474 subjectis
1702 2389 1850 2455 Caesaris
1873 2385 1970 2450 luisse
1993 2383 2040 2468 (p,

216 2512 304 2584 913).
346 2503 435 2570 Mala
457 2506 588 2572 credere
611 2507 810 2573 Christianos
830 2511 971 2593 peccatis
992 2531 1028 2572 se
1050 2508 1136 2574 ablui
1158 2529 1266 2594 posse,
1294 2529 1388 2594 quum
1409 2505 1568 2572 abluendo
1590 2529 1630 2571 nc
1652 2527 1764 2590 corpus
1786 2503 1910 2591 quidem
1933 2503 2039 2566 sanari

218 2627 320 2710 possit
341 2629 385 2709 (p.
407 2620 470 2693 245
492 2623 530 2691 ci.
553 2623 635 2710 Opp.
656 2621 719 2688 Jul.
740 2647 772 2710 p.
792 2623 894 2710 336).
923 2625 1085 2690 Vaticinia
1108 2627 1225 2692 veteris
1246 2627 1427 2690 testamenti
1449 2625 1489 2690 ad
1503 2621 1613 2688 Jesum
1628 2645 1691 2688 non
1709 2624 1867 2708 pertinere
1890 2620 1932 2704 (p.
1947 2616 2038 2702 253).

218 2740 436 2826 Genealogias
463 2739 618 2806 Matthaei
648 2755 680 2804 et
712 2743 820 2806 Lucae
850 2745 933 2806 inter
962 2764 998 2807 se
1028 2742 1158 2806 differre
1185 2740 1308 2826 (Ibida.
1356 2740 1516 2806 Christum
1543 2763 1606 2804 non
1630 2739 1794 2806 dicendum
1815 2739 1914 2802 fuisse
1935 2733 2039 2810 deum,

217 2881 309 2946 qnmn
332 2879 412 2921 unus
438 2851 530 2922 Deus
559 2871 667 2922 vetere
695 2872 888 2924 testamento
918 2859 1041 2924 dicatur
1067 2858 1116 2944 (p.
1135 2858 1236 2944 ann).
1277 2856 1363 2922 Inter
1391 2855 1551 2943 apostolos
1574 2881 1594 2922 a
1614 2856 1684 2923 solo
1705 2854 1828 2920 Joanne
1849 2853 1954 2918 Deum
1977 2851 2039 2915 dici

216 2975 337 3054 Jesum,
359 2975 455 3061 idque
476 2973 706 3060 quodammodo
728 2977 835 3040 furtim
857 2988 887 3039 et
910 2973 1004 3040 dubie
1028 2989 1059 3041 et
1081 2975 1273 3040 cunctanter.
1297 2974 1345 3060 (p.
1368 2979 1431 3045 397
1453 2987 1485 3039 et
1505 2973 1594 3060 337.)
1607 2973 1673 3059 ⁴⁸).
1706 2969 1802 3036 Talia
1819 2984 1927 3036 contra
1947 2967 2039 3035 Chri·

216 3096 339 3159 stianus
359 3089 471 3158 fundit.
493 3091 613 3156 Eadem
641 3091 821 3179 similiaque
842 3094 1028 3156 sexcenties
1054 3107 1180 3157 recocta
1202 3107 1233 3156 et
1256 3093 1424 3156 decantata
1445 3093 1626 3156 novissimis
1647 3088 1840 3176 temporibus
1861 3087 2038 3151 audivimus

217 3209 332 3286 abiis,
358 3210 412 3294 qui
440 3207 512 3273 darn
539 3206 743 3294 theologiam·
753 3207 939 3292 profitentur
968 3231 1007 3272 ac
1035 3207 1129 3274 valde
1151 3212 1232 3272 acuti
1256 3208 1317 3274 sibi
1340 3209 1495 3287 videntur,
1516 3208 1594 3274 nihil
1616 3211 1679 3272 nisi
1702 3221 1774 3273 acta
1795 3219 1902 3292 agunt.
1945 3200 2036 3278 Quae

216 3347 308 3414 quam
329 3345 437 3410 pamm
455 3326 623 3410 ingeniosa
644 3327 719 3401 sint,
740 3327 871 3412 quisque
891 3325 1073 3412 theologiae
1096 3346 1157 3389 non
1179 3323 1273 3411 plane
1296 3347 1414 3411 expers
1435 3329 1503 3410 ipsa
1520 3324 1699 3410 judicabitr
1721 3322 1789 3388 Nos
1812 3321 1960 3388 refellere
1983 3340 2038 3384 nu·

217 3445 338 3521 lamus,
365 3441 550 3527 praesertim
580 3464 672 3528 quum
701 3445 872 3506 rnaximam
901 3456 1021 3528 partem
1044 3445 1114 3526 jam
1139 3463 1164 3506 a
1191 3439 1313 3526 Cyrilln
1344 3444 1436 3508 docte
1456 3456 1489 3508 et
1509 3456 1599 3507 acute
1620 3442 1755 3506 infracta
1777 3443 1850 3506 sint.
1892 3435 2038 3502 Breviter

216 3577 320 3625 tamea
343 3571 376 3623 et
396 3573 483 3624 certo
503 3558 614 3624 ordine
628 3555 940 3662 comprehendamus,
962 3581 1044 3645 quaa
1063 3570 1172 3624 contra
1190 3559 1364 3626 doctrinam
1382 3559 1631 3626 Christianorum
1647 3559 1825 3644 disputavit.
1857 3554 2036 3630 Hebraeos,

216 3697 346 3764 qnorum
367 3673 482 3740 affines
503 3679 567 3740 sint
589 3676 781 3753 Christiani,
802 3696 896 3739 unam
918 3698 936 3740 e
957 3675 1064 3740 multis
1084 3675 1234 3762 gentibus
1256 3699 1344 3752 esse;
1378 3677 1519 3743 doctrina
1540 3678 1637 3761 igitur
1658 3689 1690 3740 et
1716 3673 1799 3738 cultu
1826 3693 1936 3735 eorum
1958 3667 2036 3734 nihil

214 3795 382 3876 pontiueri,
402 3793 484 3877 qaod
509 3792 549 3856 ad
571 3813 682 3856 omues
704 3791 848 3856 hdrnines
870 3794 1043 3878 pertineat,
1078 3813 1138 3857 nec
1164 3791 1270 3857 Deum
1296 3813 1405 3858 eorum
1429 3814 1501 3856 esse
1528 3795 1589 3856 nisi
1618 3813 1711 3855 unurn
1741 3814 1759 3855 a
1787 3787 1904 3854 multis.
1945 3787 2035 3851 Ferri

215 3913 311 3996 igitur
331 3930 425 3993 posse
449 3931 557 3972 enrrrm
580 3921 611 3972 et
633 3908 820 3992 religionem
843 3924 875 3973 et
896 3913 1050 3988 instituta,
1070 3911 1214 3996 quamvis
1237 3907 1369 3974 Graecis
1390 3907 1486 3994 longa
1516 3911 1578 3972 sint
1599 3906 1826 3992 posthabenda.
1877 3905 1920 3969 tlt
1946 3902 2037 3969 Chri·

216 4031 388 4090 stianorum
416 4024 531 4110 placita
560 4028 686 4090 omnino
714 4025 845 4090 larentia
875 4046 938 4090 non
969 4049 1058 4103 esse;
1090 4026 1159 4091 tolli
1190 4027 1274 4089 enim
1305 4027 1345 4088 iis
1373 4029 1495 4103 omnia,
1526 4047 1607 4111 quae
1635 4024 1717 4110 apud
1748 4021 1890 4109 singalas
1923 4034 2036 4108 gentes

216 4143 448 4228 sapientissime
471 4145 638 4206 constituta
659 4141 787 4217 luerint,
809 4143 882 4206 dum
904 4145 974 4227 ipsa
1000 4141 1084 4208 fictis
1108 4143 1391 4228 cnmurentitiisque
1419 4140 1652 4207 narrationibus
1674 4144 1830 4217 nitantur,
1863 4141 1892 4200 is
1920 4150 2035 4212 autem,

216 4261 269 4346 qui
290 4281 362 4322 earn
383 4257 573 4344 religionem
592 4258 784 4336 fundaverit,
807 4257 902 4322 horno
931 4259 1027 4322 fuerit
1055 4258 1211 4346 vulgaris,
1239 4261 1327 4343 cujus
1348 4273 1397 4334 tae
1424 4260 1553 4344 egregia
1581 4259 1706 4344 quidem
1739 4271 1794 4324 aut
1821 4251 2035 4320 memorabilis

215 4375 382 4440 admodum
409 4377 472 4438 vita
494 4359 675 4438 exsisteret.
723 4373 864 4438 Inveniri
885 4375 1011 4459 quidem
1040 4373 1122 4460 apud
1150 4395 1207 4438 eos
1229 4373 1396 4438 nonnullas
1424 4379 1571 4452 virtutes,
1600 4374 1658 4438 sed
1689 4396 1744 4438 eas
1769 4367 1934 4438 simulatas
1963 4391 2035 4434 essa

215 4489 320 4556 laudis
341 4493 515 4577 captandae
538 4512 651 4556 caussa
670 4503 701 4556 et
722 4505 756 4554 ut
777 4491 997 4576 deciperentur
1018 4491 1163 4558 homines
1186 4493 1382 4576 (ueniaepdvn
1403 4493 1542 4578 σεμνότης
1562 4490 1625 4556 Jal.
1646 4513 1694 4577 ep.
1716 4494 1767 4562 49.
1790 4513 1818 4576 p.
1840 4484 1993 4572 ‹tta-D).

265 4691 291 4758 ¹)
313 4693 388 4748 Quod
407 4708 459 4744 non
477 4695 514 4742 its
532 4707 590 4742 erse
607 4693 668 4743 aliia
686 4693 751 4744 loris
768 4691 917 4742 ostenditur
934 4707 959 4753 p.
979 4696 1041 4743 lat:
1059 4709 1087 4745 te
1100 4695 1212 4746 inmane
1227 4694 1350 4744 meliores
1362 4695 1497 4755 praesides
1514 4701 1605 4746 nactos
1623 4710 1690 4759 esre,
1712 4691 1918 4755 quamJudaeos.
1938 4705 1961 4749 p.
1972 4689 2033 4735 168³

317 4767 428 4826 Massici
445 4779 491 4826 Dei
510 4779 563 4826 iras
582 4781 754 4827 conferendas
770 4793 826 4826 cam
846 4779 957 4842 Lycurgi
976 4779 1085 4827 leuitate
1111 4769 1245 4846 (πραότης)
1271 4787 1296 4827 et
1315 4781 1422 4829 Solonis
1446 4781 1585 4828 clementia
1608 4789 1633 4828 et
1660 4779 1833 4828 Rornanorum
1857 4777 1883 4822 in
1904 4775 2033 4825 melebroc

315 4862 456 4922 aequitate,
475 4870 513 4918 ut,
533 4869 619 4911 utrum
637 4864 836 4924 praeterendum
856 4863 900 4926 ait,
919 4864 1093 4927 intelligatur.
1112 4880 1136 4924 p,
1155 4866 1219 4912 tta:
1236 4861 1394 4917 ludaeorum
1412 4863 1507 4912 heroes
1525 4864 1617 4928 (David
1643 4869 1669 4911 et
1694 4861 1809 4922 Simeon)
1827 4859 1951 4908 ridiculos
1976 4873 2033 4907 eras

314 4959 377 5008 praa
395 4945 524 5008 sapientia
541 4951 569 4994 et
589 4947 744 4996 tortitudine
762 4947 923 5008 reliquarum
941 4949 1068 5012 gentina.
1087 4963 1112 5010 p.
1132 4949 1194 4996 178:
1212 4948 1346 4996 seientiam
1367 4961 1452 4996 reram
1471 4950 1537 5010 apud
1556 4951 1671 4996 Graecos
1689 4944 1801 4994 inreniri
1817 4950 1867 4994 etc.

248 5031 288 5098 '')
309 5033 422 5093 Longam
441 5044 543 5091 qunque
561 5030 739 5089 quaestionem
758 5031 884 5093 trrrtttutt,
902 5049 948 5082 cur
967 5033 1040 5083 caini
1059 5031 1213 5082 sacrificium
1237 5033 1321 5080 minus
1339 5033 1394 5080 Deo
1418 5034 1550 5094 probatum
1575 5031 1670 5088 tuerit,
1695 5045 1769 5090 quam
1792 5031 1859 5090 quod
1883 5029 1946 5077 atet
1971 5029 2032 5078 ierit

314 5115 352 5180 (p.
370 5114 443 5182 316),
461 5115 508 5162 red
525 5119 581 5164 tota
599 5115 719 5175 quaestio
736 5115 833 5167 nititur
850 5119 917 5166 talea
934 5119 1058 5184 lectione,
1077 5129 1128 5179 qua
1149 5116 1313 5179 septuaginta
1331 5117 1490 5178 interpretes
1509 5117 1548 5167 uri
1571 5119 1683 5164 lucrant.
