4818 5800
545 1129 915 1254 lle'philosophia'
944 1137 1212 1260 etvmoribus
1237 1133 1405 1266 ¹Juliani
1436 1135 1683 1249 Apostatae.
1767 1141 1771 1150 '

207 1361 308 1476 Inter
330 1356 622 1493 omnes'lererqui
648 1406 701 1490 vel
728 1363 805 1474 olim
834 1404 887 1492 uel
905 1353 1024 1494 'nuper'
1046 1405 1085 1470 de
1113 1404 1241 1470 loliano
1271 1408 1482 1494 scripserunt,
1503 1421 1593 1478 tanta
1625 1413 1657 1480 iu
1681 1410 1864 1494 judicandis
1891 1415 2032 1486 moribus

207 1534 355 1619 omnique
376 1535 462 1604 vitae
479 1534 611 1604 ratione
633 1531 806 1607 diversitos
824 1531 963 1612 obtinet,
985 1543 1018 1598 ut
1036 1531 1097 1594 nisi
1120 1532 1236 1608 omniu,
1258 1551 1347 1616 *quae
1369 1542 1402 1610 et
1422 1529 1462 1608 ab
1485 1553 1524 1597 eo
1546 1546 1577 1595 et
1600 1532 1640 1598 de
1659 1555 1700 1600 eo
1720 1538 1892 1606 memoriae
1910 1543 2034 1626 predita

207 1665 291 1728 sunt,
312 1663 458 1716 accurate
479 1653 549 1735 ipse
569 1649 661 1736 legas
682 1661 776 1733 atque
791 1648 944 1716 conferes
965 1660 999 1714 et
1020 1650 1126 1714 aniano
1148 1649 1281 1732 cogites,
1302 1647 1387 1716 haud
1408 1647 1521 1728 facile,
1551 1649 1623 1737 quid
1646 1673 1756 1718 verum
1776 1655 1829 1736 sit,
1848 1655 2033 1746 investigari

208 1789 303 1854 posse
325 1766 480 1834 videatur.
508 1765 601 1840 ‚Pare
621 1768 708 1832 enim
728 1768 915 1850 scriptorum
936 1786 1022 1842 *eona
1043 1765 1117 1830 dom
1139 1766 1269 1836 eximiis
1290 1763 1440 1846 laudibus
1458 1777 1698 1853 prosequuntur,
1720 1770 1753 1834 io
1775 1791 1905 1854 numero
1926 1775 2034 1842 claris·

206 1887 357 1953 siraomm
379 1887 517 1951 virorum
547 1895 729 1968 posuerunt,
757 1881 813 1948 alii
833 1895 880 1946 tot
902 1880 1086 1971 criminibus
1107 1862 1358 1968 euraprosecuti
1380 1895 1464 1960 sunt,
1486 1895 1522 1948 ut
1538 1904 1578 1948 ne
1597 1881 1776 1952 dubitarent
1794 1889 1920 1974 quidem
1940 1894 2033 1966 unalis

207 1999 415 2068 daemonibus
437 2021 509 2076 oum
530 2000 740 2066 adnumerare
761 1999 811 2086 1).
853 1998 922 2064 Nec
943 1995 1050 2063 hercle
1073 1995 1170 2065 iacile
1197 2011 1258 2076 est,
1283 1997 1322 2076 dc
1350 1979 1404 2067 iis,
1423 2000 1520 2084 uiris,
1548 2002 1684 2086 quinon
1708 2003 1804 2070 modo
1825 2004 1921 2074 rebus
1948 2010 2034 2082 domi

207 2117 346 2204 bellique
366 2119 491 2184 lortiter
512 2139 551 2182 ac
577 2131 705 2182 suenus
726 2119 827 2204 gestis
849 2113 1084 2190 excelluerunt,
1104 2112 1160 2180 sed
1184 2116 1229 2180 ita
1251 2116 1349 2182 vitam
1371 2117 1590 2196 instituerunt,
1618 2131 1653 2200 ut
1679 2122 1794 2186 ciuium
1824 2144 1952 2196 socrum
1966 2149 2034 2194 'res

207 2238 347 2320 privatas
369 2247 402 2299 et
422 2233 565 2319 publices
581 2235 735 2312 domnoc,
754 2235 922 2310 institutis,
951 2231 1076 2318 legibus
1100 2243 1332 2334 temperarent,
1361 2230 1482 2318 aliquid
1507 2237 1586 2300 certi
1610 2236 1766 2320 prolerre.
1815 2236 1922 2317 ¹erum
1948 2246 2033 2318 enim

208 2355 337 2420 omnino
358 2353 465 2437 magni
485 2349 605 2421 laboris
627 2365 687 2430 est,
706 2373 826 2427 eorum,
846 2371 928 2435 quae
947 2346 1037 2428 fiunt,
1060 2350 1255 2436 investigare
1276 2367 1418 2428 caussas,
1448 2353 1562 2436 quippe
1585 2373 1665 2436 quae
1687 2375 1748 2420 nco
1771 2354 1830 2422 suh
1852 2359 1962 2428 oculor
1982 2384 2034 2428 en.

207 2469 294 2546 dant,
320 2469 381 2536 sed
399 2471 506 2533 animo
528 2482 560 2534 et
581 2471 774 2556 cogitatione
794 2468 1018 2552 percipientur,
1040 2477 1104 2530 tum
1127 2463 1199 2529 fiori
1219 2485 1283 2532 non
1306 2478 1422 2552 potest,
1443 2469 1553 2536 nisisi
1583 2470 1653 2554 quis
1675 2474 1803 2538 omniuo
1826 2477 1892 2540 reri
1914 2477 2034 2558 nubam

206 2585 323 2652 babeat
345 2607 462 2663 cruam,
483 2589 557 2672 quin
579 2607 619 2650 oe
639 2583 787 2650 laudibus
808 2581 908 2660 tollat,
932 2604 1010 2667 quae
1033 2583 1096 2667 ipsi
1115 2580 1476 2667 probandalridecntur.
1508 2581 1594 2662 Quid
1611 2588 1723 2670 rrrirum
1735 2589 1842 2676 igitur,
1864 2593 1959 2678 quod,
1980 2598 2034 2681 qni

207 2702 248 2766 de
268 2700 395 2766 loliano
416 2704 621 2788 scripserunt,
640 2701 692 2766 uel
714 2713 842 2787 propter
861 2701 908 2766 roi
931 2699 1151 2766 difficultatem
1172 2700 1222 2765 uel
1242 2702 1378 2785 partium
1400 2702 1505 2766 studio
1520 2702 1604 2770 ducti
1617 2701 2034 2782 diversissimassentemiss

207 2817 345 2896 tulerint,
367 2839 469 2904 eoque
490 2821 608 2904 magis,
634 2818 719 2905 quod
745 2838 800 2882 res
822 2817 862 2881 ab
883 2799 940 2880 illd
961 2804 1164 2902 gestaeicre
1184 2837 1295 2891 ornnes
1317 2817 1357 2882 ad
1381 2817 1568 2904 religionem
1590 2819 1767 2909 cultumque
1795 2824 1936 2892 diuinum
1963 2849 2034 2913 spc-

207 2949 302 3002 ctaut.
330 2932 399 3004 Nec
414 2940 508 3022 juvat
527 2936 655 3021 singula
675 2935 830 3022 suffragia
850 2935 986 2998 uirmum
1011 2932 1173 3000 doctorum
1197 2955 1382 3012 recensero3
1402 2937 1464 2998 nisi
1487 2938 1518 3002 in
1531 2933 1613 3002 libro
1625 2938 1759 3024 quodam
1770 2963 1870 3027 nuper
1881 2944 1967 3012 odito
1977 2944 2033 3031 111)

206 3053 330 3140 legens,
358 3075 431 3118 euru
457 3066 528 3138 post
548 3052 759 3120 Athanasium
780 3049 972 3122 soisneculi
993 3051 1165 3136 principem
1188 3050 1385 3127 habendum,
1415 3051 1606 3139 aliquamdiu
1635 3053 1850 3136 haesitabam,
1884 3061 2033 3148 quidnam

207 3182 304 3248 esset,
329 3191 384 3236 cor
403 3173 569 3254 proximos
591 3168 640 3234 illi
659 3169 797 3239 bonores
818 3189 989 3254 occupasse
1010 3165 1167 3252 putandus
1189 3181 1285 3236 esset.
1327 3167 1376 3235 Ac
1398 3171 1458 3234 nisi
1481 3171 1550 3254 ipra
1572 3192 1684 3236 canone
1705 3173 1905 3242 Athanasiia
1920 3201 2034 3248 caussa

206 3285 327 3357 Julinui
349 3299 414 3356 toto
436 3286 527 3354 coelo
549 3287 668 3352 distare
690 3286 850 3354 videretur
872 3281 1057 3371 (cl-Matth.
1080 3289 1131 3360 ll,
1153 3290 1204 3353 11.
1225 3286 1304 3356 Luc.
1326 3289 1357 3367 7,
1378 3285 1459 3374 28),
1482 3285 1560 3354 illud
1575 3287 1689 3354 dictum
1706 3292 1842 3376 probare
1857 3316 1922 3360 non
1943 3295 2034 3362 dubi·

207 3417 323 3480 tarem3
351 3426 429 3470 snae
456 3406 542 3468 enim
571 3417 702 3490 uterque
729 3425 860 3470 unumne
889 3405 1038 3489 egrogios
1066 3417 1217 3487 patronus
1239 3407 1370 3472 exstitit.
1420 3402 1523 3470 Nobis
1545 3417 1651 3472 autem
1672 3408 1704 3472 in
1727 3412 1943 3477 examinanda
1963 3416 2034 3498 ejus

208 3527 274 3588 rita
301 3525 429 3588 ornaino
451 3541 514 3586 non
537 3542 615 3606 opus
636 3521 777 3600 videtur,
800 3534 846 3598 ut,
869 3542 930 3607 quo
951 3522 1052 3606 ipsum
1076 3539 1260 3604 augeamus,
1281 3520 1479 3586 Christianos
1500 3524 1688 3598 minuamus,
1708 3526 1765 3590 sed
1785 3530 1903 3592 omissa
1917 3550 2034 3610 veorum

207 3641 342 3715 ratione,
363 3641 427 3725 qni,
449 3639 535 3725 quod
557 3637 629 3703 aliis
652 3636 808 3712 tribuant,
830 3636 903 3702 aliis
925 3636 1047 3703 soleant
1070 3635 1248 3716 detrahere,
1271 3637 1312 3700 oh
1335 3659 1409 3702 erras
1430 3639 1530 3723 ipsius
1553 3641 1684 3706 uirtutes
1704 3638 1865 3707 Juliannm
1884 3645 2034 3711 admirari

206 3759 285 3822 satis
313 3753 510 3820 habebimus.
550 3755 706 3819 Perverse
731 3758 814 3818 enim
842 3767 950 3840 agunt,
977 3756 1029 3838 qni
1058 3755 1101 3816 ita
1135 3776 1206 3818 eum
1235 3776 1305 3818 cum
1327 3753 1518 3820 Christianis
1540 3757 1714 3836 conferunt,
1736 3772 1770 3824 ut
1789 3774 1842 3824 aut
1862 3783 1972 3847 parem
1992 3765 2033 3828 iis

207 3885 262 3944 cut
283 3876 380 3937 etiam
401 3875 553 3956 majorem
576 3885 696 3957 putent,
717 3870 777 3936 hoc
799 3875 868 3957 ipso
890 3868 1083 3948 indicantes,
1113 3891 1207 3955 quam
1228 3871 1311 3935 male
1335 3873 1374 3936 de
1397 3870 1581 3936 Christiana
1605 3873 1759 3960 religione
1790 3881 1945 3958 sentiant,
1975 3902 2033 3945 nec

207 3992 312 4054 minus
333 4010 481 4073 perverse
503 3991 567 4074 qui,
596 3999 629 4050 ut
650 4009 792 4052 causeam
815 3991 884 4072 ejus
908 3964 998 4072 quasi
1021 3986 1186 4052 meliorem
1206 3987 1361 4064 reddent,
1386 3989 1487 4054 multa
1508 4005 1617 4056 contra
1639 4014 1711 4056 eum
1734 3993 1785 4058 vel
1807 4006 1926 4061 temere
1948 3995 2032 4076 ficta,

207 4105 258 4170 cel
280 4103 392 4183 dolose
416 4117 574 4184 enarrate,
596 4104 647 4168 uel
670 4127 779 4190 parurn
802 4119 887 4171 recte
909 4103 1069 4170 intellecta
1092 4127 1111 4170 a
1132 4103 1321 4173 Christianis
1343 4119 1462 4190 putent.
1484 4105 1561 4192 wi)
1604 4107 1658 4173 Sic
1680 4112 1764 4176 enirn
1786 4111 1951 4180 dubitandi
1966 4113 2034 4179 nul-

205 4221 357 4300 luelinis
387 4223 573 4288 constitutus
595 4219 659 4300 ess,
692 4243 784 4308 quum
813 4244 857 4288 ex
886 4241 936 4300 eo,
964 4221 1047 4309 quod
1076 4234 1127 4287 est
1148 4222 1406 4300 verisimile,
1435 4245 1592 4311 nunquam
1622 4247 1792 4295 evasurum
1819 4233 1860 4294 sit
1887 4253 2032 4299 verum.

207 4337 310 4417 Quam
339 4339 466 4426 qrtidem
492 4339 649 4404 rationem
677 4337 1120 4426 historiae&contemplandae
1150 4343 1230 4406 satis
1259 4344 1438 4428 vituperare
1467 4362 1530 4408 non
1551 4365 1728 4428 possumus,
1759 4369 1853 4431 quum
1874 4347 2034 4414 inlocum

209 4479 336 4533 eorum,
363 4479 445 4542 quae
473 4455 559 4520 iacta
587 4469 788 4532 enarrantur,
816 4457 839 4520 ii
867 4459 920 4542 qui
942 4455 994 4522 vel
1016 4459 1131 4524 mentis
1158 4478 1196 4521 ac
1223 4455 1300 4522 fidei
1322 4461 1430 4544 inopia
1452 4456 1597 4524 laborant
1619 4459 1669 4526 uel
1691 4461 1877 4530 sublimiore
1899 4465 2035 4551 quadam

207 4575 399 4659 cogitatione
428 4574 461 4637 in
489 4585 677 4638 contemtum
706 4593 833 4652 eorum,
866 4595 946 4660 quae
974 4571 1072 4658 uulgo
1099 4573 1257 4648 seruntur,
1294 4597 1329 4638 se
1362 4576 1466 4660 abripi
1488 4579 1605 4652 sinunt,
1626 4598 1701 4641 suas
1724 4580 1890 4663 opiniones
1915 4603 2034 4668 suaque

257 4771 283 4836 ³)
307 4776 397 4838 Gyrill.
421 4791 446 4837 p.
462 4777 520 4838 los,
541 4775 571 4823 l).
593 4773 638 4823 uel
653 4765 723 4839 colpe
740 4791 788 4825 που
804 4765 971 4830 nutrimentu
994 4765 1074 4832 eloh,
1110 4773 1132 4825 sl
1158 4765 1409 4839 dirutionem
1429 4767 1573 4846 ἀφομοιοῦν
1595 4771 1671 4828 αὐτὸν
1695 4776 1730 4844 τῷ
1749 4771 1883 4846 σῖρχεκάκῳ
1905 4773 2032 4850 δράκοντι,

307 4851 364 4924 ἦτοι
381 4857 417 4923 τῷ
438 4853 505 4907 κατὰ
521 4853 565 4908 τὸν
584 4851 740 4928 παράδεισον
761 4853 828 4932 ὄφει,
846 4851 874 4918 ὃς
890 4852 1007 4918 διάκονος
1023 4852 1054 4924 ἦν
1070 4857 1120 4908 noir
1139 4857 1186 4908 roi·
1204 4853 1335 4924 Διαβὸλου
1353 4857 1449 4928 φωνῶν,
1468 4863 1511 4911 arri
1529 4855 1562 4920 ὥς
1583 4865 1607 4912 lv
1624 4859 1724 4930 δοκήσει
1740 4859 1811 4934 μόνῃ.
1830 4885 1853 4914 x.
1870 4885 1892 4917 r.
1909 4865 1933 4915 l.

241 4959 283 5026 *')
301 4955 521 5026 uirbenprfcidtr
538 4971 585 5012 oon
603 4959 677 5026 ῷοῐε.
717 4959 801 5015 :outre
819 4961 890 5026 buil.
909 4964 924 5028 §
945 4964 1004 5018 127.

224 5063 280 5125 σου)
298 5064 331 5114 ci.
350 5063 490 5117 ffituubtt’d
510 5061 583 5114 teitu
605 5059 665 5122 Sul.
686 5078 711 5124 p·
731 5065 790 5128 105,
814 5065 874 5128 159,
894 5065 952 5148 156,
973 5066 1031 5125 158,
1051 5064 1099 5118 163
1117 5089 1150 5101 -
1165 5059 1279 5137 61310.
1572 5135 1588 5195 l
1613 5133 1632 5172 ἡ
