4818 5800
1271 413 1302 494 4

379 608 505 674 somnia
530 607 678 674 inierunt.
699 607 737 695 “)
779 607 834 675 Sic
861 611 946 678 enirn
973 618 1188 693 comparatam
1214 604 1381 672 historiam
1405 608 1477 693 quis
1505 618 1572 683 est,
1603 607 1658 693 qui
1684 603 1804 683 landet,
1831 607 1895 670 nisi
1915 606 1986 692 quis
2006 605 2090 672 forte
2111 605 2208 674 simili

378 727 484 792 studio
512 726 646 796 ducitur.
686 724 732 791 At
758 728 843 792 eninr
870 729 904 791 in
925 725 1060 791 historie
1085 722 1257 790 scribenda
1284 744 1345 788 neo
1370 745 1423 788 res
1450 745 1511 789 nec
1538 721 1684 788 homines
1709 742 1767 807 per
1788 743 1847 788 nos
1869 737 2045 802 motantur,
2072 722 2209 790 necubi

380 841 584 909 difficultates
611 843 717 908 animo
745 841 948 920 obserantur,
977 863 1035 928 pro
1062 841 1113 907 his
1133 863 1192 928 per
1212 843 1427 927 conjecturem
1451 839 1527 906 lieet
1548 861 1589 905 ea
1613 859 1807 926 supponere,
1833 861 1915 926 qnae
1936 841 2062 906 facilins
2082 842 2210 930 quidem

379 959 607 1048 intelligantur,
635 982 656 1023 e
683 961 817 1024 veritate
845 974 951 1024 tamen
978 958 1181 1024 abhorreant.
1221 957 1398 1043 Propterea
1418 960 1519 1024 satius
1539 956 1701 1036 duxirnns,
1723 970 1890 1044 postquam
1910 979 1956 1024 ex
1975 959 2033 1036 iis,
2053 980 2136 1046 qnae
2156 957 2209 1025 vel

378 1078 449 1162 ipse
469 1074 616 1142 Julianus
637 1075 688 1142 vol
710 1076 767 1142 alii
788 1079 859 1162 ejus
880 1079 1032 1162 temporis
1058 1077 1229 1160 scriptores
1247 1075 1398 1162 (qnorum
1413 1095 1510 1161 quom
1521 1073 1637 1148 nullus,
1659 1087 1808 1161 qnantum
1822 1077 1981 1160 conjicere
1993 1075 2100 1156 lineat,
2121 1097 2211 1144 men-

378 1193 471 1258 dacia
493 1194 615 1260 referre
636 1193 744 1273 uellet,
765 1193 860 1260 facile
881 1207 941 1270 est,
962 1215 1013 1270 ee,
1035 1215 1117 1280 quaa
1138 1193 1223 1258 lacta
1244 1207 1422 1271 narrantur,
1444 1215 1465 1256 a
1485 1195 1636 1279 cujusque
1658 1193 1825 1276 scriptoris
1846 1196 2013 1258 sententiis
2034 1206 2068 1260 et
2087 1194 2211 1280 opinio·

379 1309 473 1376 nihns
502 1311 700 1388 discernere)
721 1309 928 1387 tradiderunt,
956 1311 1081 1375 sineere
1101 1309 1349 1388 ostenderimus,
1377 1308 1481 1395 qualis
1502 1310 1598 1374 luerit
1615 1306 1781 1387 Julianus,
1809 1315 1922 1395 postea
1942 1324 2083 1376 nostrum
2105 1309 2146 1376 de
2167 1331 2209 1376 eo

375 1428 531 1513 judicium
549 1426 698 1511 adjicere.
741 1424 845 1503 Quum
868 1430 963 1504 enirn,
984 1447 1026 1490 ne
1046 1438 1143 1490 totam
1166 1429 1236 1512 ejus
1257 1429 1356 1492 uitam
1377 1447 1573 1504 enarremus,
1594 1424 1688 1510 hujus
1708 1424 1811 1491 libelli
1832 1426 2129 1514 angsrstiueohsiut,
2146 1425 2210 1494 hoc

379 1543 535 1630 elegimus
562 1542 772 1623 scribendum,
800 1557 845 1624 ut,
872 1543 1012 1631 qualis
1032 1544 1198 1608 omnino
1219 1545 1467 1609 exstitisset
1484 1541 1693 1621 Julianus,
1715 1555 1754 1607 et
1773 1544 1865 1631 quid
1888 1543 1936 1608 sle
1959 1564 2006 1610 eo
2021 1543 2210 1630 judican-

380 1659 466 1725 dum
485 1661 716 1738 videretur,
737 1661 980 1746 disputaremus.
1022 1657 1087 1726 Uhi
1107 1673 1213 1726 autem
1234 1663 1406 1747 quaeritur,
1427 1659 1530 1746 qualis
1551 1658 1666 1746 aliquis
1686 1659 1793 1739 luerit,
1814 1665 1957 1727 maxime
1978 1659 2040 1726 hae
2061 1661 2207 1727 deseres

379 1777 571 1863 spectandae
590 1777 748 1856 videntur,
770 1777 927 1865 quomodo
951 1779 1068 1842 vixerit
1088 1790 1123 1843 et
1143 1777 1217 1864 quid
1239 1775 1396 1842 derebus
1418 1775 1907 1864 divinishnmanisqnesensarit.
1949 1775 2207 1856 Quammrarnm

379 1915 473 1981 quam
494 1895 635 1960 secundo
656 1893 726 1960 loco
754 1897 928 1980 posuimus,
956 1915 1028 1960 eam
1055 1895 1190 1980 primum
1212 1891 1400 1962 ridebimus.
1444 1890 1550 1971 Quum
1572 1897 1657 1960 enim
1679 1893 1821 1982 plerique
1841 1894 1987 1961 homines
2007 1917 2053 1960 ex
2072 1917 2131 1961 usu
2151 1917 2208 1983 po·

378 2013 443 2076 tius
463 2024 496 2077 et
517 2011 756 2089 consuetudine,
777 2030 870 2098 quam
891 2012 1015 2074 ratione
1036 2023 1069 2075 et
1089 1995 1501 2078 cometenfie'viunruen
1517 2025 1626 2098 agant,
1646 2026 1754 2077 tamen
1767 2015 1820 2099 qni
1833 2011 2028 2078 humanitate
2043 2013 2206 2080 excellere

378 2128 516 2208 student,
544 2149 601 2194 eos
629 2141 751 2194 tantum
770 2130 881 2192 virere
902 2149 1040 2216 vereque
1063 2127 1209 2194 homines
1229 2150 1302 2193 esse
1323 2141 1411 2214 putu,
1434 2143 1583 2214 quantum
1605 2127 1647 2194 ad
1668 2133 1807 2194 animum
1827 2124 2037 2196 et'rationem
2057 2151 2111 2196 res
2131 2151 2206 2196 suaa

377 2245 529 2311 referunt.
572 2242 665 2323 Quae
685 2257 854 2333 praeterea
876 2258 984 2332 agunt,
1005 2267 1046 2309 es
1066 2245 1122 2311 vel
1142 2247 1288 2331 tempori.
1310 2243 1362 2310 sel
1384 2245 1530 2310 lomnnae
1551 2244 1607 2311 rel
1628 2245 1701 2311 aliis
1723 2244 1903 2312 hominihus
1913 2247 2091 2312 tribuenda.
2131 2247 2206 2314 Fuit

377 2365 474 2448 igitur
493 2359 650 2442 Julianus,
668 2367 697 2428 si
719 2366 893 2451 quisquam,
914 2365 960 2427 ita
981 2376 1191 2449 comparatos,
1212 2376 1247 2427 ιιι
1267 2363 1300 2426 in
1322 2361 1468 2428 omnihus
1488 2365 1585 2428 rebus
1606 2367 1710 2450 magis
1732 2377 1901 2449 spectaret,
1913 2362 1986 2451 quid
1999 2385 2108 2429 serum
2120 2377 2205 2430 esset

377 2493 412 2544 et
438 2451 555 2544 rationi
582 2492 845 2559 consentaneum,
877 2501 969 2566 quarn
994 2492 1030 2543 nt
1050 2501 1148 2544 coeco
1167 2479 1304 2566 quodem
1326 2493 1458 2544 naturae
1478 2483 1598 2567 impetn
1619 2503 1655 2546 se
1675 2481 1754 2546 ferri
1774 2483 1904 2546 sineret.
1945 2477 2015 2546 Nec
2034 2481 2205 2547 mediocris

377 2597 448 2680 ejus
475 2597 612 2662 eruditio
640 2598 715 2676 fnit,
744 2597 802 2661 sed
824 2619 919 2683 quum
940 2598 1073 2683 egregia
1093 2596 1202 2662 indole
1222 2597 1385 2682 praeditus
1407 2610 1508 2675 esset,
1536 2611 1630 2683 atque
1652 2595 1734 2660 atleo
1755 2617 1881 2661 omnem
1903 2617 2034 2682 operam
2055 2600 2089 2662 in
2109 2617 2205 2662 exer·

377 2714 486 2779 condis
506 2713 609 2779 literis
629 2729 772 2800 poneret,
792 2727 827 2778 ut
848 2713 999 2800 quidquid
1020 2717 1173 2799 temporis
1194 2726 1377 2800 superesset
1398 2713 1494 2804 rehns
1514 2714 1675 2800 gerendis,
1696 2713 1732 2780 id
1751 2733 1845 2778 omne
1861 2713 2203 2780 inanimoexoolendo

377 2843 586 2910 consumeret,
607 2844 728 2895 tantum
748 2831 894 2916 profecit,
916 2831 1040 2914 otiare
1064 2834 1148 2895 inter
1169 2831 1371 2895 doctissimos
1392 2831 1536 2895 homines
1556 2832 1669 2897 referri
1685 2833 1795 2922 possit.
1835 2829 1905 2896 Nec
1928 2829 2108 2896 dubitamus
2131 2851 2202 2895 eum

374 2945 572 3033 philosophis
595 2948 820 3028 adnumerare,
840 2951 983 3035 quamvis
1003 2968 1067 3012 non
1088 2946 1183 3032 plane
1204 2950 1329 3013 ratione
1350 2969 1388 3012 ac
1410 2950 1473 3025 ria,
1495 2948 1553 3013 sed
1573 2951 1619 3012 ita
1640 2945 1845 3034 plerumque,
1864 2960 1901 3012 nt
1920 2951 1991 3012 uita
2010 2962 2105 3034 atque
2125 2969 2202 3012 naus

374 3063 575 3150 postulabat,
608 3064 828 3150 philosophiae
855 3065 1006 3130 studeret.
1050 3059 1157 3140 Quare
1184 3067 1319 3150 primum
1350 3064 1534 3142 rideamus,
1565 3085 1647 3152 qnae
1675 3066 1746 3150 ejus
1774 3064 1870 3129 luerit
1896 3063 2107 3151 philosophia.
2148 3065 2200 3130 Ex

375 3181 522 3246 omnihus
548 3195 653 3246 antem
681 3185 751 3266 ejus
777 3185 904 3268 scriptis
929 3183 1127 3266 potissimum
1156 3184 1259 3246 oratio
1287 3181 1349 3259 lV,
1375 3181 1486 3248 hahita
1502 3185 1535 3246 in
1557 3180 1665 3247 Solem
1687 3203 1813 3268 regem,
1838 3179 1969 3266 ejusde
1991 3179 2064 3246 Deo
2086 3180 2202 3268 placita

374 3300 526 3369 continet.
563 3299 615 3362 Ex
639 3297 699 3364 hac
724 3298 821 3386 igitur
847 3297 999 3384 pleraque
1025 3298 1154 3363 luerunt
1173 3297 1358 3363 haurienda.
1401 3298 1482 3366 Com
1502 3311 1606 3363 tamen
1628 3297 1773 3384 singulae
1798 3320 1850 3362 res
1872 3313 1992 3362 temere
2014 3300 2134 3362 mixtae
2154 3297 2200 3364 le·

372 3427 498 3500 gantur,
530 3420 600 3499 ejus
625 3414 860 3502 philosophiam
886 3416 962 3480 inde
990 3437 1103 3480 eruere
1126 3415 1257 3480 difficile
1285 3416 1359 3492 lnit3
1393 3419 1466 3501 ipsi,
1493 3428 1643 3505 qnantum
1668 3419 1838 3500 potuimus,
1860 3418 1893 3479 in
1915 3429 2034 3480 certum
2053 3414 2200 3481 ordinem

373 3530 499 3617 singula
518 3532 667 3619 redigere
688 3537 793 3599 conati
814 3555 932 3598 sumus.
973 3531 1116 3618 Apparet
1136 3547 1332 3598 autemeam
1354 3537 1500 3618 proxime
1521 3533 1697 3597 accessisse
1719 3530 1759 3594 ad
1781 3531 1943 3595 Platonem
1966 3531 2199 3618 eosqnephilo-

372 3647 501 3733 sophos,
529 3671 608 3734 qnos
637 3647 886 3735 Neoplatonicos
914 3662 1029 3714 vocant
1055 3647 1120 3735 111).
1163 3647 1215 3715 Ne
1241 3664 1347 3716 tamen
1375 3649 1490 3736 longus
1516 3652 1589 3728 sim,
1615 3651 1716 3734 ipsius
1737 3647 1923 3727 doctrinam,
1957 3670 2027 3714 cum
2049 3648 2114 3715 illis
2134 3671 2198 3715 non

372 3778 596 3852 comparatam,
617 3788 675 3852 per
694 3788 731 3832 se
752 3788 922 3855 exponam.

985 3971 1011 4041 1.
1041 3971 1100 4038 De
1119 3970 1385 4060 philosophia
1405 3971 1576 4037 Juliani.

452 4118 585 4184 Constat
613 4120 815 4209 philosophia
844 4125 972 4188 omnino
994 4145 1034 4189 ee
1062 4127 1228 4203 contineri,
1256 4145 1337 4211 quae
1359 4122 1401 4188 ad
1423 4122 1516 4187 deum
1537 4121 1757 4208 hominemque
1779 4132 1813 4186 et
1833 4141 1904 4186 enm
1926 4122 2093 4199 rationem,
2114 4141 2196 4207 qnae

368 4235 452 4298 inter
477 4248 642 4325 utrumque
673 4239 852 4318 intercedit,
880 4243 1048 4324 pertinent.
1093 4247 1218 4307 Intres
1238 4234 1337 4329 igitur
1357 4251 1467 4325 partes
1488 4251 1598 4304 nostra
1619 4239 1791 4324 disputatio
1811 4238 1972 4316 diuiditur,
1993 4259 2031 4302 ac
2052 4239 2195 4322 primum,

368 4351 443 4436 qnid
464 4349 609 4418 Julianus
631 4355 672 4420 de
692 4355 766 4420 Deo
788 4360 944 4434 statuerit,
966 4360 1146 4442 exponitur.
1186 4357 1243 4422 rlit
1264 4368 1370 4422 autern
1394 4354 1477 4442 Opp.
1499 4352 1562 4425 Jul.
1584 4378 1615 4441 p.
1637 4359 1709 4424 132
1730 4353 1768 4420 B.
1786 4369 1845 4422 etc.
1862 4367 1961 4420 totum
1983 4354 2133 4420 mundum
2153 4356 2195 4420 ah

368 4480 498 4532 aeterno
527 4471 720 4536 immutatum
748 4475 915 4538 exstitisse
942 4474 988 4558 (ἐξ
1013 4475 1110 4543 dedico
1131 4477 1243 4562 γέγονεν
1263 4473 1435 4558 ἀγενήτως,
1456 4474 1487 4549 t's
1507 4501 1540 4541 τι
1559 4471 1612 4540 tlt
1632 4475 1784 4542 mantem
1803 4472 1910 4559 χρόνον
1931 4467 2040 4556 ἀΐδιος)
2060 4489 2195 4559 111111111111

366 4587 514 4668 proxime
542 4589 643 4650 teneri
673 4609 693 4650 a
713 4591 822 4674 quinto
840 4611 973 4674 corpure
993 4591 1083 4675 (puta
1105 4592 1289 4656 aethereum
1308 4588 1386 4654 illud
1410 4611 1535 4674 corpus,
1553 4590 1635 4677 qnod
1659 4589 1840 4676 philosophi
1859 4602 2006 4675 quattuor
2027 4587 2195 4654 elementis

366 4700 583 4788 addiderunt),
612 4705 752 4769 secundo
776 4705 857 4783 loco,
887 4705 927 4770 ah
950 4728 989 4771 eo
1013 4709 1141 4788 mundo,
1169 4711 1223 4796 qui
1248 4707 1463 4794 intelligentia
1486 4709 1609 4792 percipi
1637 4709 1737 4792 possit
1765 4711 1823 4810 (sd
1846 4709 1942 4790 soqrql
1961 4704 2062 4790 κόσμῳ
2083 4703 2194 4792 mis),

371 4837 777 4854 ’ᾖ

413 4903 438 4970 ·)
466 4904 542 4959 anot
559 4905 645 4955 minus
660 4908 764 4968 quidem
777 4909 1030 4958 eontrsNesudrum
1048 4911 1151 4960 doctu·
1169 4925 1199 4959 ae
1218 4911 1395 4960 uenerandum
1412 4909 1510 4958 dietum
1528 4914 1579 4960 est.
1613 4910 1716 4959 Vellem
1733 4914 1820 4958 tamen
1838 4921 1922 4969 nuper
1939 4906 1967 4955 ln
1984 4907 2131 4956 enamds
2140 4907 2195 4958 rita

462 4988 560 5039 donini
578 4993 663 5041 nostri
683 4993 727 5041 isti
737 4991 836 5044 rationi
848 4993 932 5042 minus
941 4995 1125 5059 concessisset,
1143 4998 1293 5057 aepossent
1310 4993 1455 5042 edremrii
1472 5008 1533 5044 eurr
1549 4994 1680 5046 insertum
1696 5008 1727 5044 se
1743 5007 1835 5058 perora
1853 4993 1903 5043 sihi
1920 4993 2192 5044 consuntemdicere.

395 5086 436 5151 ⁹⁸)
453 5090 487 5140 el.
504 5093 569 5152 Opp.
585 5093 639 5142 Jul.
658 5107 682 5155 p.
700 5097 743 5146 68.
761 5099 802 5144 61.
823 5097 881 5144 tta.
901 5109 960 5157 epp.
979 5097 1020 5145 lt.
1036 5099 1078 5146 31.
1094 5097 1138 5151 40.
1157 5099 1199 5149 60.
1234 5099 1294 5161 Cpr.
1312 5111 1337 5160 p.
1361 5097 1402 5146 J'l.
1418 5096 1478 5146 111.
