4818 5800
1279 426 1308 506 2

381 618 489 707 phium
512 623 668 706 attingunt
688 619 807 684 nullum
830 618 916 683 aliud
938 632 1061 706 tempos
1081 621 1183 704 magis
1200 618 1329 705 dignum
1352 617 1495 697 videtur,
1527 617 1612 704 quod
1639 635 1785 684 accurate
1813 642 2020 708 cognoscant,
2048 641 2141 706 quam
2164 617 2208 696 id,

383 758 444 824 quo
465 735 640 803 Christiani
668 759 738 801 cum
766 735 938 824 gentilibus
967 737 1007 801 do
1034 738 1169 800 victoria
1195 735 1449 806 decertaverunt.
1490 732 1638 798 Maxime
1665 751 1770 802 eutem
1796 738 1829 802 id
1857 741 1959 824 ipsum
1989 759 2118 815 aerum,
2146 757 2208 823 quo

382 851 527 917 Julianus
548 857 641 933 vixit,
660 854 867 919 memorabile
888 855 1036 922 dixerim.
1063 851 1134 918 Nec
1150 854 1235 916 euim
1254 855 1418 939 quisquam
1439 850 1605 940 gentilium
1626 852 1800 937 majoribus
1822 867 1877 918 aut
1896 856 2016 941 ingenii
2039 867 2095 918 aut
2114 873 2208 939 opum

383 969 504 1034 viribus
525 993 619 1056 quom
640 970 695 1035 ille
718 970 917 1036 Christianos
937 991 1109 1057 aggressus
1130 982 1189 1033 est.
1221 965 1323 1044 Quem
1346 968 1473 1056 quidem
1494 982 1643 1054 tanquam
1664 968 1862 1054 posthumum
1887 993 1978 1034 suum
1998 973 2108 1058 genuit
2130 971 2210 1058 anti-

384 1089 507 1172 quites,
538 1087 684 1152 omuibus
711 1091 778 1153 suis
806 1087 974 1153 virtutibus
1002 1099 1207 1164 exornatum,
1229 1109 1267 1151 ec
1292 1087 1440 1172 dignum,
1473 1107 1544 1152 com
1571 1107 1634 1172 quo
1662 1085 1779 1173 religio
1805 1087 1936 1174 gentilis
1965 1110 1986 1152 a
2013 1086 2208 1153 Christianis

384 1202 510 1268 derieta
531 1219 702 1274 corrueret.
739 1207 798 1270 Est
818 1219 923 1270 autem
944 1202 1023 1268 illud
1040 1225 1164 1280 aerum,
1185 1204 1329 1289 quaurris
1352 1207 1471 1289 exiguo
1494 1206 1644 1288 temporis
1666 1207 1770 1290 spatio
1792 1206 1999 1281 contineatur,
2020 1217 2126 1268 tameo
2143 1217 2209 1268 taur

383 1319 489 1386 multis
511 1335 637 1407 tamque
660 1326 783 1408 magnis
804 1321 900 1386 rebus
921 1323 1115 1407 insignitum,
1138 1337 1171 1384 ut
1193 1341 1320 1384 omnem
1346 1317 1466 1384 Juliani
1495 1323 1591 1385 vitam
1614 1337 1712 1405 parvo
1732 1321 1807 1385 huic
1834 1319 1945 1387 libello
1972 1323 2114 1386 inserere
2145 1343 2208 1386 noo

382 1441 551 1522 potuerint.
595 1435 703 1514 Quare
732 1438 884 1505 nonnulla
911 1453 1048 1516 tanturn,
1076 1459 1157 1523 quae
1186 1437 1391 1523 disputarem,
1413 1436 1514 1524 elegi,
1544 1441 1705 1524 specimen
1732 1459 1859 1518 eorum,
1890 1459 1973 1525 qnae
1994 1460 2077 1501 nuuc
2096 1436 2209 1502 studiis

382 1555 464 1617 meis
487 1553 704 1639 amplecterer,
726 1559 951 1641 propositurus.
994 1553 1086 1632 Quae
1107 1557 1136 1618 si
1165 1575 1229 1618 non
1251 1552 1346 1639 plane
1368 1552 1596 1638 displicebunt,
1625 1556 1659 1618 in
1681 1554 1820 1620 loturum
1846 1555 1937 1640 plura
1956 1555 2093 1619 fortasse
2114 1551 2206 1620 dabo.

383 1667 662 1736 adhaerentem
684 1672 821 1756 legenda
843 1686 962 1738 tanturn
983 1694 1040 1736 eos
1059 1673 1177 1749 invito,
1205 1672 1259 1756 qui
1281 1693 1404 1736 mecum
1426 1671 1512 1735 idern
1533 1673 1673 1734 sentiunt
1693 1669 1733 1736 de
1761 1673 1958 1758 antiquitate.
2007 1669 2065 1734 Sin
2093 1669 2208 1756 aliquis

383 1779 436 1850 vel
456 1789 669 1853 institutorum
685 1787 738 1853 rel
758 1794 873 1855 artirrur
895 1787 946 1853 rel
969 1793 1096 1853 omnino
1119 1811 1227 1853 earum
1248 1807 1374 1863 rerum,
1396 1809 1476 1874 quae
1495 1801 1662 1852 externam
1691 1791 1791 1855 vitem
1818 1789 2019 1875 antiquorum
2045 1787 2207 1851 bominum

383 1906 552 1990 attingunt,
573 1909 676 1992 magis
697 1907 792 1970 luerit
814 1908 955 1971 curiosus
977 1929 1069 1994 quam
1091 1907 1253 1984 veritatis,
1280 1925 1353 1970 eum
1374 1904 1448 1969 hiuc
1475 1904 1637 1970 lacessere
1653 1907 1771 1992 jubeo,
1797 1927 1838 1968 ne
1867 1925 1964 1990 aegre
1986 1903 2085 1982 ierat,
2114 1903 2208 1990 quod,

384 2013 498 2105 quibus
520 2019 672 2088 delectari
693 2044 756 2088 non
777 2025 889 2110 possit,
909 2037 962 2088 aut
983 2028 1051 2108 ipse
1072 2022 1190 2109 legerit
1210 2035 1264 2087 aot
1285 2043 1343 2086 nos
1368 2023 1597 2106 scripserimus.
1626 2019 1698 2088 Sed
1713 2025 1894 2112 priusquam
1914 2021 2056 2086 scribere
2076 2021 2209 2104 incipia-

383 2157 464 2216 mus,
484 2135 559 2202 libri
581 2153 654 2204 sunt
674 2139 844 2220 indicendi,
866 2139 980 2227 quibus
1001 2142 1051 2206 usi
1071 2140 1197 2207 luimus.
1239 2135 1335 2204 Sunt:

467 2254 506 2340 l)
533 2254 652 2322 loliani
674 2280 781 2344 opera
831 2257 940 2322 Editio
967 2256 1222 2343 spanhemium,
1249 2277 1331 2343 quae
1352 2255 1468 2341 prodiit
1488 2257 1621 2342 Lipsiae
1652 2277 1681 2322 a.
1708 2253 1799 2328 1646.
1841 2255 1969 2340 Adjeoti
1995 2266 2070 2319 sunt
2094 2251 2207 2337 Cyrilll

534 2371 749 2440 Alexandrini
772 2376 883 2440 decem
898 2375 972 2440 libri
993 2387 1104 2442 contra
1124 2373 1285 2440 lulianum
1303 2373 1422 2458 scripti.

465 2487 504 2574 Ἰ)
535 2487 683 2576 Gregorii
703 2489 901 2556 Nazianzeni
923 2514 1032 2579 opera,
1054 2493 1140 2558 edita
1161 2516 1181 2557 a
1202 2490 1271 2559 Jac.
1293 2487 1390 2554 Billio
1412 2489 1569 2559 l'runaeo.
1589 2487 1746 2555 Coloniae
1768 2491 1861 2560 ltiffl.
1885 2487 2047 2575 (Gregorii
2065 2486 2206 2552 maxime

534 2612 628 2670 tertia
650 2621 682 2670 et
704 2623 815 2697 quarta
837 2597 938 2674 oratio
961 2610 1001 2676 de
1021 2607 1150 2675 Juliaoo
1173 2607 1266 2695 agit.)

464 2723 505 2809 3)
534 2723 698 2789 Historiae
722 2725 958 2792 ecclesiasticae
979 2730 1150 2813 scriptores
1172 2725 1300 2792 Graeci.
1343 2723 1499 2790 Coloniae
1521 2723 1728 2810 Allobrogum
1756 2727 1847 2794 1612.
1878 2721 1946 2800 (Ex
1975 2719 2025 2786 his
2046 2721 2088 2788 ad
2107 2719 2207 2783 Julia-

533 2863 608 2906 num
628 2846 803 2928 pertinent:
825 2841 966 2909 Socratis
987 2844 1049 2909 Lb.
1070 2843 1129 2922 Ill,
1150 2847 1275 2918 1-23,
1297 2839 1493 2906 Theodoreti
1515 2839 1577 2908 Lb.
1596 2837 1655 2919 ΙΙΙ,
1677 2839 1847 2906 Sozomeui
1868 2839 1930 2905 Lb.
1951 2837 1995 2916 V,
2018 2836 2205 2916 t-vt,9.)

465 2957 504 3045 d)
532 2957 693 3024 Ammiani
714 2935 894 3025 Marcellini
919 2984 1024 3026 rerunr
1052 2975 1212 3050 gestarum
1244 2955 1464 3024 tibri‘xvtll.
1503 2956 1686 3044 llaruburgi
1707 2959 1799 3028 1609.
1835 2955 1967 3043 (Capita
1993 2958 2026 3020 in
2053 2955 2115 3020 bac
2140 2953 2207 3017 edi·

534 3083 621 3141 tiooe
644 3074 793 3141 distincta
814 3098 877 3141 oon
898 3091 982 3156 sunt,
1003 3101 1099 3167 quare
1121 3090 1241 3142 tantum
1263 3075 1307 3142 ibi
1330 3099 1371 3140 ea
1391 3079 1562 3154 nominavi,
1582 3075 1636 3139 ubi
1657 3073 1698 3140 ab
1720 3074 1793 3138 aliis
1813 3071 2019 3160 scriptoribus
2040 3073 2110 3158 jaro
2140 3070 2207 3135 lao-

533 3193 608 3257 data
630 3193 766 3279 inveni.)

466 3305 503 3393 5)
531 3307 709 3394 Scriptores
727 3309 883 3376 'historiae
904 3309 1067 3377 Romanae
1089 3315 1238 3378 minores.
1280 3312 1479 3397 (Eutropius,
1500 3309 1580 3375 Sex.
1601 3307 1750 3374 Aurelius
1771 3307 1895 3386 Victor,
1915 3305 1994 3372 Sex.
2014 3303 2145 3389 Rufus.)

506 3421 610 3490 Doleo
629 3428 712 3512 quod
733 3440 858 3513 praeter
879 3427 948 3506 hos,
970 3451 1048 3515 quos
1071 3431 1241 3508 nominari,
1264 3428 1363 3494 libros
1383 3428 1515 3493 Libanii
1537 3431 1698 3492 orationes
1719 3427 1829 3512 legere
1845 3447 1909 3490 non
1937 3425 2042 3509 potui,
2073 3443 2151 3510 quos
2172 3424 2206 3486 in

383 3555 492 3606 nostru
514 3544 630 3607 vicinia
650 3566 802 3630 nusquam
824 3547 942 3610 inveni.

506 3658 593 3724 luter
613 3662 776 3725 novissimi
799 3665 950 3747 temporis
971 3666 1088 3750 scripta
1110 3677 1236 3749 praeter
1257 3664 1407 3729 historias
1428 3661 1663 3727 ecclesiasticas
1686 3673 1834 3748 quattuor
1857 3659 1932 3726 libri
1952 3659 2132 3734 adfuerunt,
2152 3659 2204 3745 qni

383 3775 423 3840 de
446 3779 516 3861 ipso
538 3775 665 3841 Iuliano
687 3781 795 3864 scripti
816 3791 898 3845 snut.

466 3893 503 3977 l)
533 3893 597 3958 Vie
621 3895 660 3957 de
683 3893 867 3981 l'empereor
887 3895 1003 3962 Julien.
1045 3897 1248 3966 Arusterdaru
1271 3903 1363 3970 1735.
1404 3897 1512 3986 (llaoc
1534 3897 1631 3959 vitam
1660 3896 1751 3960 docte
1773 3909 1805 3960 et
1826 3895 1990 3981 eleganter
2015 3904 2205 3965 enarratam,

533 4013 594 4075 nisi
612 4009 718 4088 fallor,
746 4015 871 4097 scripsit
897 4009 944 4076 M.
965 4013 1079 4080 l'Ahbd
1101 4015 1141 4080 de
1162 4015 1195 4080 la
1216 4011 1381 4092 Bletterie,
1403 4039 1423 4080 a
1450 4035 1512 4101 quo
1545 4017 1662 4100 scripta
1691 4017 1755 4079 rita
1783 4009 1903 4077 Juliani
1930 4013 2063 4098 primurn
2089 4005 2206 4093 prodiit

533 4126 666 4192 Parisiis
688 4129 799 4209 1734)

464 4244 505 4330 2)
524 4241 689 4331 Wiggers.
732 4244 924 4314 Dissertatio
947 4249 986 4314 de
1009 4248 1137 4314 Juliauo
1157 4248 1315 4334 Apostata
1334 4246 1501 4334 religionis
1528 4248 1732 4315 Christianae
1760 4259 1795 4312 et
1817 4241 2068 4310 Christianorum
2096 4262 2205 4330 perse·

534 4374 653 4426 cutore.
695 4361 859 4430 Rostochii
881 4369 972 4437 1810.

464 4475 504 4563 3)
533 4477 676 4550 hennon.
717 4481 1255 4566 ltebrrimdoilussulionutuob
1278 4481 1499 4568 tanguntur.
1541 4483 1606 4570 2223.
1629 4483 1721 4549 1811.

464 4593 503 4681 l)
531 4593 568 4660 C.
589 4595 630 4659 ll.
657 4619 717 4661 van
738 4597 937 4664 llerwerden
959 4601 999 4664 do
1020 4599 1148 4665 loliano
1169 4603 1379 4686 imperatore,
1401 4601 1566 4687 religionis
1593 4599 1793 4665 Christianae
1820 4597 1912 4661 hoste
1940 4591 2115 4680 eodemque
2139 4597 2206 4658 rio·

533 4711 613 4778 dice.
656 4713 807 4801 Lugduni
828 4713 938 4780 Batav.
960 4721 1052 4788 1827.
1242 4697 1246 4708 Ι

504 4829 566 4894 His
587 4833 684 4917 igitur
705 4833 895 4916 adjumentis
916 4837 1059 4900 instructi
1083 4837 1158 4924 qnid
1185 4837 1249 4922 ipsi
1277 4837 1543 4919 praestiterimus,
1574 4837 1669 4922 aequi
1689 4855 1728 4898 ae
1748 4827 1898 4898 benevoli
1927 4827 2063 4895 lectores
2081 4827 2206 4914 judica·

381 4945 467 5014 buot.
510 4946 629 5036 Scripsi
649 4947 790 5015 Snudiae
811 4973 921 5016 meuse
941 4949 1038 5018 lulio.

1086 5101 1495 5151 -ξ-Ξ
