4818 5800
1094 428 1149 516 13

205 630 241 692 iu
263 627 368 691 animi
383 623 471 690 cultu
491 635 672 708 ponentem,
694 619 842 708 promen
858 636 1076 711 paupertatem
1096 624 1279 690 honorem·
1302 624 1503 712 (Innuet,
1524 647 1552 712 p.
1575 625 1667 710 290),
1687 624 1729 689 ‹le
1752 646 1815 713 qua
1837 627 2031 692 confluentia

204 747 275 830 ipse
289 747 331 810 ²in
351 741 563 829 Misopogone
583 741 686 806 fauete
703 742 837 824 jocans:
866 741 943 827 ouup'
964 767 1014 818 stc
1030 744 1062 808 ιἰι
1082 744 1242 826 παιδαρίου
1262 768 1299 826 μι
1319 743 1369 810 καὶ
1390 742 1516 828 ἀνόητος
1537 743 1637 828 droise
1650 749 1852 830 ,προλαβοῦσα
1872 749 1909 827 τῇ
1927 742 2031 828 recepi

205 869 342 945 πολομιῖν
364 865 484 939 ἔπεισεν,
503 856 579 927 etri
596 855 740 939 ι’πινρίπα
761 863 880 925 πολλῶν
900 859 1106 941 ἐμπίπλασθαι
1128 859 1328 942 petrocorici
1349 857 1451 944 (Ορρ.
1472 856 1534 927 lul.
1558 881 1585 944 p.
1607 860 1679 931 340.
1700 858 1738 924 Β.
1760 859 1806 947 *).
1855 856 1957 936 Quum
1980 880 2032 923 so-

205 978 371 1072 brietatem
393 999 436 1042 ue
455 975 630 1062 Gregorius
651 971 780 1059 quidem
801 971 1027 1040 Nazianzenus
1047 973 1165 1039 infitias
1187 978 1236 1039 ire
1256 975 1362 1052 audet,
1383 975 1441 1039 sed
1462 991 1496 1040 at
1516 976 1591 1040 odio
1605 977 1793 1054 satisfaciat,
1814 976 1908 1042 modo
1926 975 2027 1054 addit,

206 1117 278 1176 earu
298 1094 350 1182 (ia
371 1090 602 1179 Misopogone)
621 1110 816 1176 magnopere
838 1112 878 1156 ea
899 1091 940 1154 de
961 1111 1000 1155 re
1017 1090 1311 1176 inflari,'tauqsam
1337 1090 1554 1157 admirandam
1576 1114 1645 1157 rem
1665 1108 1809 1160 narraret
1830 1093 1920 1178 (μέγα
1940 1093 2030 1177 φυσή-

205 1237 270 1291 σας,
298 1212 339 1287 ὡς
365 1210 402 1296 δή
428 1233 461 1278 ὀι
484 1207 660 1293 θαυμάσιον
686 1206 784 1291 λέγων.
828 1205 925 1292 Greg.
954 1205 1046 1272 Orat.
1077 1206 1135 1274 lV.
1163 1229 1194 1292 ρ.
1224 1211 1296 1278 133.
1330 1205 1398 1292 D.).
1450 1205 1555 1284 Quam
1582 1230 1678 1294 parce
1699 1232 1853 1297 quamque
1881 1212 2028 1276 restricte

206 1325 406 1405 dormiverit,
421 1325 515 1392 idem
533 1324 729 1390 Ammianus
749 1322 772 1387 l.
793 1322 813 1392 l.
835 1325 927 1388 testis
948 1336 1015 1388 est:
1042 1319 1127 1401 ,Ubi
1148 1344 1226 1388 seru
1247 1327 1369 1410 exigna
1390 1323 1567 1388 dormiendi
1588 1326 1697 1410 quiete
1718 1339 1895 1391 recreasset
1915 1346 2030 1411 corpus

204 1443 368 1510 laboribus
388 1442 578 1520 induratum,
599 1440 844 1526 expergefactus
865 1439 1057 1524 explorabat
1073 1460 1132 1524 per
1152 1451 1256 1504 seruet
1274 1441 1378 1524 ipsum
1399 1438 1579 1526 vigiliarum
1602 1444 1688 1508 vices
1705 1455 1737 1506 et
1752 1447 1933 1520 stationam,
1958 1454 2029 1527 post

206 1562 286 1626 lraec
306 1564 397 1626 seria*
411 1560 454 1624 ad
473 1578 565 1623 moes
585 1558 773 1644 confugiens
794 1558 1016 1624 doctrinarum.
1052 1556 1094 1621 Et
1114 1557 1143 1621 si
1164 1563 1318 1620 nocturna
1339 1555 1468 1632 lumina,
1487 1559 1572 1620 inter
1593 1579 1675 1643 quae
1694 1558 1892 1636 lucubrabat,
1912 1558 2029 1643 potuis-

206 1693 278 1744 sent
306 1699 385 1742 soce
411 1676 477 1741 ulla
504 1677 625 1752 testari,
642 1675 793 1758 prolecto
820 1672 1035 1750 ostenderent,
1061 1675 1145 1738 iuter
1174 1671 1258 1736 lruuc
1285 1686 1317 1738 et
1344 1672 1497 1760 quosdam
1525 1674 1684 1758 principes
1710 1673 1842 1742 multum
1862 1676 2028 1750 iuteresse,

206 1817 297 1883 quem
319 1804 476 1859 noverant
496 1790 712 1876 voluptatibus
732 1812 775 1855 ne
797 1789 840 1855 sd
860 1787 1230 1875 necessitatemqnidem
1256 1789 1428 1855 indulsisse
1455 1791 1614 1854 naturae.”
1669 1788 1822 1877 Magnam
1842 1793 1938 1877 igitur
1959 1812 2029 1875 par·

207 1928 269 1979 tens
297 1913 399 1976 noctis
426 1908 527 1974 literis
557 1905 664 1985 dabat,
692 1906 853 1993 multaque
878 1925 1004 1970 morum
1032 1907 1220 1992 scriptorum
1247 1911 1390 1991 ternpore
1412 1919 1564 1971 nocturno
1585 1905 1770 1972 elaborasse
1793 1908 1916 1986 dicitur,
1938 1911 2028 1992 cujus

206 2034 253 2094 rel
276 2043 308 2094 et
327 2031 398 2114 ipse
418 2027 509 2090 testis
531 2037 580 2088 est
607 2037 640 2090 ct
667 2023 854 2088 Ammianus
874 2019 936 2086 Lb·
957 2017 1053 2101 XVI,
1075 2045 1107 2108 ρ.
1127 2024 1180 2094 67.
1194 2019 1261 2106 ”).
1304 2021 1374 2088 Nec
1395 2023 1500 2096 miuus
1521 2045 1544 2088 a
1562 2022 1747 2089 libidinibus
1768 2044 1865 2111 reque
1890 2045 2027 2089 venerea

207 2143 368 2222 abstinuit,
389 2156 484 2230 atque
505 2145 572 2219 „ita
592 2139 747 2205 inviolata
768 2141 912 2204 castitate
934 2139 1057 2216 enituit,
1078 2153 1112 2203 nt
1132 2153 1205 2224 post
1226 2141 1377 2206 amissam
1398 2143 1577 2226 conjugem,
1597 2139 1676 2205 nibil
1698 2163 1834 2227 unquam
1856 2161 2027 2206 venereum

206 2264 437 2348 attingeret-
461 2279 554 2345 quarn
582 2253 689 2321 labem
720 2258 753 2320 ia
784 2255 891 2320 adulto
921 2252 1037 2318 robore
1054 2257 1233 2340 jusenmtis
1253 2257 1300 2321 ita
1320 2270 1412 2322 caute
1432 2259 1555 2336 vitarit,
1583 2271 1618 2322 ot
1638 2279 1679 2322 ne
1701 2261 1879 2343 suspicione
1900 2258 2027 2343 quidem

205 2392 298 2444 tenue
318 2376 460 2442 libidinis
485 2373 579 2439 ullius
607 2370 659 2436 sel
684 2372 842 2438 citerioris
869 2373 958 2436 vitae
986 2374 1140 2436 ministris
1168 2375 1378 2451 incusaretur,
1400 2387 1434 2438 ut
1456 2395 1556 2459 saepe
1579 2376 1760 2461 contingit.¹’
1781 2373 1904 2459 (Arum.
1924 2369 2026 2436 Marc.

206 2495 227 2560 l.
248 2471 300 2580 λ).
332 2490 416 2570 ‘Qua
436 2495 469 2556 in
490 2510 638 2576 requam
659 2501 788 2552 strenue
809 2490 921 2575 egerit,
944 2486 1065 2553 illustre
1088 2487 1271 2572 exemploru
1292 2489 1376 2574 apud
1400 2491 1535 2556 eundem
1557 2494 1742 2576 scripturam
1763 2504 1871 2556 exstat
1892 2488 1953 2576 (lb.
1973 2485 2026 2558 24·

204 2609 339 2698 p.295).
382 2606 485 2685 Qunrn
507 2609 594 2672 euim
612 2604 741 2669 Persico
762 2604 849 2670 bello
869 2605 949 2669 urbe
969 2604 1077 2687 aliqua
1103 2616 1256 2688 occupata
1283 2605 1432 2690 praedam
1458 2606 1628 2684 divideret,
1649 2605 1923 2694 ,‚ex.virginibus,
1945 2625 2026 2691 quae

206 2731 370 2818 speciosae
392 2736 465 2790 sunt
485 2737 607 2810 captae,
627 2735 661 2784 ut
681 2725 715 2786 iu
736 2720 879 2798 Perside,
901 2721 955 2785 ubi
975 2722 1184 2785 foeminarum
1213 2719 1410 2805 pulchritudo
1439 2723 1579 2812 excellit,
1601 2746 1661 2790 nec
1675 2736 1870 2789 contrectare
1889 2721 2027 2808 aliquam

206 2845 316 2922 voluit,
344 2863 404 2907 neu
431 2839 551 2916 sidere,
580 2836 800 2904 Alexandrum
831 2839 972 2902 imitatus
1004 2849 1037 2900 et
1067 2835 1264 2915 Africanam,
1295 2841 1349 2924 qui
1376 2837 1456 2902 baec
1488 2839 1701 2920 declinabant,
1733 2863 1774 2906 ne
1805 2841 2026 2926 frangerentur

207 2961 388 3048 cupiditate,
407 2959 460 3042 qui
481 2977 517 3020 se
539 2955 674 3018 invictos
696 2974 716 3018 a
735 2951 897 3018 laboribus
919 2951 1035 3040 ubique
1055 2955 1293 3038 praestiterant”
1307 2953 1392 3039 m)
1412 2953 1483 3022 Nec
1498 2957 1674 3023 audiendus
1695 2955 1869 3044 Gregorius
1889 2951 2027 3020 Nazian-

207 3075 402 3142 zenus-haec
423 3076 580 3139 scribens:
608 3069 663 3147 scio
690 3069 721 3137 di
748 3072 909 3157 προπόσεις
932 3095 965 3138 ra
985 3071 1035 3140 καλ
1057 3069 1296 3156 canturiensis
1316 3075 1440 3160 δημοσίᾳ
1459 3085 1527 3150 ταῖς
1546 3075 1671 3162 πόρναις
1687 3075 1834 3162 προῦπινί
1851 3101 1884 3141 τι
1907 3071 1957 3140 καὶ
1978 3073 2024 3139 ἀν-

205 3193 423 3280 τιπρουπίνυπο,
444 3191 635 3258 duvelinam
662 3185 698 3254 πὸ
725 3187 842 3274 ἀσελγὲς
866 3191 1028 3274 μυστηρίου
1055 3189 1250 3274 προσχήματι,
1271 3193 1336 3264 πῶς
1357 3190 1393 3258 ου’
1414 3193 1578 3277 θαυμάζειν
1599 3191 1714 3271 diros?
1737 3191 1801 3276 (or.
1817 3189 1876 3255 ll'.
1901 3210 1930 3274 ρ.
1953 3193 2024 3260 121.

206 3312 271 3398 0.).
313 3307 409 3386 Quod
434 3307 560 3393 quidem
582 3307 653 3371 sine
679 3303 775 3368 dubio
803 3307 905 3369 errori
926 3303 1075 3392 Gregorii
1096 3303 1239 3388 debetur,
1268 3308 1320 3392 qai
1343 3308 1440 3371 nimio
1462 3308 1536 3373 odio
1558 3309 1668 3374 dactus
1689 3331 1762 3374 earn
1783 3330 1847 3372 una
1868 3329 1937 3372 cum
1958 3329 2025 3372 mu·

205 3425 347 3494 lierculis
368 3444 460 3489 sacra
482 3435 591 3489 sancte
619 3441 657 3486 ao
686 3433 771 3486 caste
798 3421 906 3486 lacere
932 3441 1027 3507 posse
1055 3421 1225 3488 diffideret.
1278 3421 1383 3488 Nemo
1411 3428 1494 3490 enirn
1522 3428 1709 3514 scriptomru
1739 3424 2023 3491 ecclesiasticorum

207 3545 401 3610 Graecorum
422 3540 538 3606 similia
558 3538 699 3604 tradidit.

357 3657 453 3734 Hinc,
480 3677 543 3742 qus
570 3655 737 3742 prudentia
764 3656 869 3733 luerit,
896 3655 1009 3720 dicatu.
1050 3654 1221 3739 ‚Armatae
1243 3676 1316 3719 enm
1335 3657 1384 3718 rei
1410 3660 1655 3725 scientissimum
1675 3672 1708 3724 et
1728 3671 1856 3745 togatae
1878 3655 2023 3722 civilitati

206 3776 400 3843 studentem·
421 3777 563 3838 nominat
583 3771 738 3838 Annianus
758 3773 779 3842 l.
799 3773 1057 3858 l.„„tantumque
1079 3768 1142 3836 sibi
1163 3784 1376 3858 arrogantem,
1394 3788 1542 3859 quantum
1563 3797 1583 3838 a
1605 3775 1782 3861 contelnpta
1804 3789 1837 3838 et
1856 3773 2023 3838 insolentia

206 3893 326 3958 distare
346 3887 562 3967 existimabat,
584 3892 700 3956 virtute
722 3890 856 3955 eundern
878 3891 1036 3955 seniorem
1058 3909 1151 3974 quarn
1172 3901 1288 3966 aetate,
1309 3869 1485 3954 studiosum
1500 3893 1713 3976 cognitionum
1730 3891 1895 3958 orantum*
1916 3887 2024 3966 Quan-

206 4025 272 4075 tum
294 4023 398 4074 antem
420 4005 583 4071 literarum
604 4029 662 4072 usu
685 4019 718 4072 et
738 4009 918 4095 cognitione
941 4003 1141 4084 excelluerit,
1162 4007 1277 4090 partim
1294 4009 1361 4090 janr
1384 4027 1479 4090 supra
1500 4029 1520 4072 a
1540 4006 1632 4073 uobis
1654 4008 1770 4074 dictum
1793 4022 1851 4075 est.
1874 4005 2024 4074 Omnium

207 4130 289 4192 enirn
310 4141 343 4191 et
363 4133 524 4212 pobtamm
542 4121 737 4190 (iraecoram
754 4142 788 4188 et
804 4122 1060 4209 philosophorum
1079 4122 1179 4188 libros
1194 4121 1270 4187 iude
1288 4145 1308 4186 a
1328 4123 1438 4209 primis
1460 4127 1551 4189 annis
1563 4129 1677 4192 aetatis
1688 4125 1828 4212 qnotidie
1845 4121 2024 4212 legebat†)

259 4331 286 4398 ·)
307 4331 404 4379 Narrat
421 4326 515 4376 ibidem
533 4341 574 4394 se,
592 4341 625 4376 ex
642 4339 693 4388 qao
711 4329 808 4377 caessr
824 4327 908 4378 uetus
924 4330 1009 4390 esset,
1029 4339 1160 4386 nunqnam
1184 4323 1332 4392 uomuisse,
1357 4325 1409 4374 nisi
1433 4327 1514 4375 semel
1531 4327 1598 4388 apud
1617 4327 1747 4391 Parisios,
1766 4329 1907 4377 carbonum
1928 4339 2024 4389 rspore

306 4429 368 4465 cocu
387 4417 467 4462 stum.

238 4503 278 4569 ⁸⁸)
303 4499 347 4549 Sir
367 4431 453 4548 ‹lrstio
470 4499 501 4548 V.
522 4497 550 4545 iu
570 4501 679 4546 matrem
697 4495 812 4544 Deorum
835 4508 888 4543 uns
905 4497 982 4545 noete
1000 4492 1135 4559 (Oppiul.
1152 4511 1177 4558 p.
1197 4495 1254 4544 118.
1266 4493 1322 4556 λλ),
1340 4495 1408 4543 orat.
1427 4495 1471 4542 lv.
1486 4495 1515 4543 iu
1533 4495 1621 4545 Solem
1638 4485 1723 4545 tribas
1737 4496 1857 4547 nnotlbus
1875 4498 2025 4546 elucubrata

395 4615 401 4630 .
423 4585 453 4630 lb
473 4617 479 4632 .
499 4583 550 4631 ll..

222 4673 276 4732 ⁰⁸¹)
300 4593 345 4718 :ill
355 4581 484 4729 lrlsopolg.
501 4584 604 4729 p.)iib.
622 4667 660 4726 0.,
678 4661 722 4713 ubi
738 4663 806 4712 sllor
822 4664 861 4713 sic
880 4665 913 4713 sd
930 4677 960 4713 se
980 4665 1117 4724 loquentes
1135 4663 1216 4712 iacit:
1237 4662 1336 4728 „irriso
1352 4641 1396 4721 ιίξ
1407 4653 1523 4716 ἀνέξεταί
1537 4677 1597 4724 σου,
1614 4658 1754 4723 aceruum
1771 4657 1805 4723 ὥς
1821 4665 1910 4716 ἐπίπαν
1931 4656 2025 4733 νύκτωρ

332 4744 337 4762 '
391 4747 410 4773 lb
1632 4747 1635 4750 ·

253 4842 284 4903 †)
301 4767 410 4900 mr
432 4848 553 4898 msgcmu
576 4847 712 4882 numerum
735 4834 860 4883 librorum
883 4845 969 4880 secam
991 4833 1087 4882 babere
1109 4834 1204 4881 solitus
1227 4837 1276 4880 est.
1305 4833 1338 4882 οἱ
1364 4834 1429 4894 Ορρ.
1454 4834 1509 4882 inl.
1534 4849 1559 4896 p.
1586 4837 1639 4884 12³.
1658 4836 1698 4898 0,,
1718 4835 1761 4883 ubi
1779 4835 1843 4882 hsce
1860 4835 1892 4883 de
1912 4834 2026 4884 Eusebia

306 4921 473 4986 imperatrice
490 4917 598 4968 scribite
615 4916 719 4983 βίβλους
728 4919 779 4986 γὰρ
796 4909 943 4987 φιλοσόφων
959 4915 1006 4966 soi
1024 4917 1185 4986 συγγραφέων
1203 4908 1314 4984 ἀγαθοῖν
1330 4915 1374 4966 καλ
1390 4909 1503 4987 ῥητόρων
1518 4917 1617 4970 πολλῶν
1633 4919 1677 4969 sui
1693 4915 1907 4984 ποιηιιῖν-Ῑιλαυιν
1919 4911 2026 4989 ἅθρους

303 4997 438 5064 τοσαύτας,
455 4995 520 5052 sr'urr
537 4997 599 5069 ipsein
614 5003 659 5068 pris
677 4993 824 5067 ιἰιισπλῆσαι
840 4995 885 5067 τὴν
901 5003 1049 5070 ἐπιθυμίαν,
1067 4993 1169 5070 σφόδρα
1186 4997 1326 5071 ἀναρίστους
1342 5003 1442 5066 ίχονιος
1458 5000 1502 5068 τῆς
1526 4997 1590 5072 πρὸς
1607 5004 1687 5053 irrisu
1712 5002 1852 5061 σιυυυοίας.
1896 5003 2026 5055 Μουσεῖον

305 5092 332 5146 dl
344 5084 491 5155 Ἐλλνγνινῦν
506 5078 638 5154 ιἰπσφῆναι
653 5086 760 5153 βιβλίαν
774 5083 843 5153 isus·
857 5082 902 5154 ruis
918 5087 1052 5138 Γαλατίαν
1070 5086 1114 5138 ναὶ
1129 5079 1174 5153 sris
1190 5084 1312 5142 astron
1346 5089 1380 5139 ol.
1397 5093 1535 5150 pastores
1552 5105 1610 5152 epp.
1630 5093 1654 5138 ο.
1671 5093 1699 5137 ct
1716 5089 1757 5137 36.
