4818 5800
1262 432 1317 520 12

347 647 354 657 '
375 632 439 700 ἀλλ’
456 628 508 699 iro
529 630 564 696 δι’
589 631 687 697 eisaie
713 627 786 704 sois
812 627 907 704 sisoi,-
932 627 1168 714 θιραιιιόσωμιν
1195 650 1225 713 p.
1246 629 1320 698 293-
1340 625 1411 714 A.),
1432 641 1657 716 tamenputat,
1679 629 1734 695 ubi
1763 630 1931 696 mmulucra
1948 629 2109 709 colantur,
2130 651 2204 696 eum

375 723 491 816 cultum
511 767 569 832 pro
590 748 706 811 nosmis
736 744 938 816 facultatibus
967 768 1042 810 vere
1070 745 1238 810 humanum
1261 765 1334 808 esse
1361 744 1462 832 (lbid.
1484 745 1520 812 C.
1541 745 1613 831 lt).
1653 743 1741 810 ldern
1763 745 1839 812 dom
1859 755 1952 812 sacra
1970 747 2033 813 diis
2056 747 2205 814 ludenda
2326 835 2332 840 Ι

375 877 484 932 censet
504 863 603 950 (otti
622 862 689 949 γὰρ,
710 864 737 929 ai
755 859 878 946 μηδενὸς
905 861 922 928 ὁ
950 851 1025 939 dede
1045 870 1148 941 δεῖται,
1181 859 1233 928 dui
1257 868 1340 930 τοῦτ’
1362 861 1447 930 nidis
1467 862 1551 943 odsqi
1571 863 1771 948 npoeotoca'or.
1813 861 1894 932 lb'id.
1915 861 1988 950 D.),
2009 879 2130 930 umere
2151 885 2205 928 res

375 981 499 1046 divinas
520 980 666 1046 humanis
695 981 818 1055 miscet,
846 1000 905 1041 neo
931 978 1092 1065 intelligit,
1120 978 1196 1064 quid
1223 981 1277 1056 sit,
1302 977 1408 1044 Decem
1438 981 1471 1042 in
1497 981 1610 1064 spiritu
1639 993 1673 1042 et
1692 983 1726 1045 in
1748 982 1882 1045 ueritate
1902 980 2038 1046 adorus
2060 980 2151 1066 (Jolr.
2170 989 2204 1058 4,

375 1095 456 1182 24).
498 1094 590 1173 Quae
613 1109 781 1181 praeterea
802 1093 843 1157 da
864 1108 946 1162 statu
969 1095 1131 1160 homiuum
1151 1106 1185 1158 et
1205 1093 1246 1158 de
1271 1115 1312 1158 eo
1332 1092 1407 1175 fine,
1428 1095 1469 1160 nd
1491 1116 1584 1182 quem
1604 1117 1716 1162 omues
1744 1098 1842 1162 creati
1863 1091 1973 1174 simus,
1993 1097 2143 1183 disputet,
2164 1121 2206 1162 se

377 1237 440 1280 nun
462 1214 568 1278 leroa
589 1225 698 1276 nostra
718 1213 878 1276 sententia
906 1212 1067 1278 recedunt.
1114 1209 1208 1288 Quod
1239 1213 1323 1276 enim
1350 1213 1500 1276 muudum
1527 1225 1694 1277 aeteruum
1714 1227 1815 1299 putat,
1833 1214 1869 1278 id
1889 1235 2002 1298 parum
2019 1235 2041 1278 a
2062 1213 2205 1280 doctriua

378 1329 561 1396 Christiana
582 1325 745 1404 abhorret,
765 1331 909 1413 quamvis
929 1328 1057 1394 literam
1077 1331 1235 1414 prementi
1254 1341 1341 1392 certo
1362 1328 1468 1414 aliquo
1490 1341 1632 1412 tempure
1653 1331 1804 1396 muudum
1824 1331 1948 1394 initium
1969 1331 2092 1418 cepisse
2113 1351 2205 1395 saera

378 1449 535 1533 scriptura
567 1445 676 1511 doceri
702 1443 857 1509 videatur.
907 1443 978 1510 Nee
1002 1448 1106 1532 magis
1128 1467 1298 1522 moramur,
1319 1444 1404 1532 quod
1425 1468 1446 1510 a
1466 1442 1573 1509 multia
1593 1446 1699 1530 potius
1721 1468 1816 1532 quam
1836 1467 1856 1510 a
1879 1446 2005 1512 duobus
2024 1444 2205 1511 horniniltmt

376 1585 480 1650 genus
502 1577 643 1627 nostrum
664 1575 766 1625 ortum
784 1583 857 1626 essa
878 1576 976 1646 putat.
1018 1563 1065 1626 Ea
1095 1563 1179 1626 euim
1200 1560 1286 1625 levia
1306 1574 1389 1626 suut.
1428 1557 1467 1623 lu
1493 1559 1556 1624 hoe
1582 1573 1668 1625 certe
1690 1583 1801 1626 verum
1823 1560 2024 1647 vidit,“quod
2050 1563 2125 1628 ideo
2146 1584 2204 1627 nos

379 1691 503 1744 creatos
525 1699 598 1744 esse
619 1699 656 1743 uc
678 1680 785 1741 vivere
807 1693 926 1758 censet,
947 1691 982 1744 ιιι
1002 1677 1065 1742 diis
1086 1676 1157 1764 (vel
1178 1681 1283 1761 potius
1305 1675 1393 1761 Deo)
1420 1674 1544 1741 similes
1573 1679 1683 1756 simus,
1718 1700 1851 1764 euinque
1876 1677 2118 1754 similitudinem
2146 1700 2205 1744 uos

380 1793 552 1880 adepturos
573 1816 659 1872 esse,
680 1816 775 1878 quum
797 1807 830 1858 et
851 1815 956 1859 mores
978 1809 1010 1860 et
1031 1797 1199 1860 scientiam
1220 1793 1353 1858 deorum
1371 1792 1526 1859 intitouda
1540 1790 1634 1858 uobis
1646 1797 1914 1878 proposuerimus.
1933 1793 2022 1859 ldenr
2034 1808 2122 1858 recte
2135 1815 2205 1879 pro·

378 1927 491 1998 pterea
511 1933 623 1976 ornnes
643 1923 769 1976 nosnos
790 1931 842 1975 res
862 1911 903 1975 ad
925 1914 1065 1978 auimum
1085 1924 1119 1976 et
1139 1910 1178 1974 ad
1202 1908 1281 1973 deos
1304 1908 1489 1974 referendas
1510 1907 1614 1987 docet,
1635 1910 1775 1995 deosque
1797 1909 1948 1977 colendos
1970 1922 2003 1976 et
2024 1910 2205 1975 adorandos

381 2049 465 2106 esse,
486 2032 519 2092 in
540 2050 643 2114 eaque
665 2030 783 2113 pietate
805 2048 930 2093 omnem
952 2043 1092 2093 nostram
1112 2026 1300 2092 felicitatem
1320 2025 1510 2108 ponendam.
1530 2024 1625 2090 Adeo
1643 2028 1704 2090 uisi
1727 2028 1769 2092 ad
1783 2029 1896 2092 inanes
1911 2027 2084 2093 dmmouer
2099 2027 2204 2091 lactas

381 2156 489 2210 essem
509 2164 631 2230 preces,
658 2159 738 2229 quas
764 2142 806 2207 ad
834 2143 944 2210 Solem
970 2143 1079 2230 (Orat.
1099 2141 1160 2208 1v.
1187 2164 1213 2210 s.
1234 2140 1308 2227 lio.)
1330 2155 1362 2205 et
1382 2139 1423 2207 ad
1443 2155 1577 2206 matrem
1597 2140 1703 2206 Deum
1725 2139 1835 2226 (Orat.
1855 2141 1899 2208 V.
1920 2164 1945 2212 s.
1965 2141 2039 2230 stu.)
2061 2143 2205 2220 effundit,

381 2260 574 2327 Christianis
595 2281 635 2323 ea
655 2263 782 2345 pietatis
805 2259 955 2346 exeutpla
975 2263 1109 2347 proponi
1131 2271 1271 2344 possent.
1312 2255 1383 2324 Neo
1404 2269 1511 2322 tamen
1533 2259 1657 2321 evitare
1678 2271 1814 2342 poterat,
1834 2261 1909 2345 quiu
1929 2240 2033 2326 omnia
2059 2263 2131 2344 ejus
2151 2279 2205 2323 ue·

381 2377 506 2442 ueratio
526 2375 659 2441 deorum
679 2379 810 2461 ipsaque
833 2380 935 2463 pietas
956 2379 1060 2463 tnagis
1080 2388 1250 2440 externum
1271 2372 1474 2460 splendorem
1495 2395 1589 2460 quam
1608 2375 1767 2438 internum
1788 2375 1936 2440 ardorem
1955 2376 2101 2454 referret,
2121 2373 2205 2462 quod

381 2515 445 2557 nou
466 2491 568 2558 solum
590 2513 635 2558 ex
655 2513 779 2577 pompa,
802 2515 863 2580 qua
885 2493 964 2560 deos
985 2492 1048 2558 coli
1068 2493 1164 2576 jubet
1183 2492 1289 2578 (eujus
1309 2493 1358 2554 rai
1387 2490 1538 2577 exempla
1560 2492 1763 2554 inveniuntur
1784 2494 1818 2555 iu
1844 2492 2024 2578 fragmento
2051 2492 2205 2557 orationis

384 2608 435 2673 vel
456 2607 613 2695 epistolae
640 2631 712 2695 pag·
732 2611 914 2680 ‘res—305
937 2611 979 2675 et.
1006 2631 1056 2695 ep.
1083 2607 1126 2679 49
1148 2606 1281 2692 0162),
1309 2607 1486 2672 sedetiam
1507 2605 1583 2672 inde
1604 2603 1740 2693 intelligi
1762 2621 1877 2691 potest,
1901 2609 1988 2697 qood
2008 2611 2053 2674 ita
2074 2611 2204 2674 virtutes

382 2727 524 2790 maxilua
547 2725 722 2811 praedicat,
743 2739 777 2790 ut
797 2729 937 2790 maxime
960 2741 1033 2791 sunt
1053 2727 1245 2810 conspicuae
1259 2723 1308 2809 ').

938 2907 980 2976 11.
1022 2908 1080 2975 De
1102 2911 1187 2973 vita
1208 2929 1255 2971 ac
1276 2907 1454 2972 moribus
1474 2904 1649 2972 Iuliani.

534 3039 673 3108 Omissis
693 3045 745 3120 iis,
766 3064 847 3128 quae
870 3055 1035 3127 praeterea
1057 3056 1167 3106 contra
1188 3040 1332 3127 singulas
1353 3043 1424 3124 ejus
1445 3041 1613 3126 opiniones
1634 3041 1697 3106 dici
1719 3055 1859 3126 possent,
1879 3045 1950 3127 jam
1971 3054 2095 3126 tempus
2116 3039 2206 3103 vide-

383 3172 444 3235 tur,
465 3171 511 3234 ut,
532 3156 634 3244 qualis
656 3161 721 3222 vita
742 3163 812 3243 ejus
832 3161 938 3236 luerit,
959 3157 1174 3223 ostendamus.
1194 3159 1349 3244 Legimus
1370 3170 1476 3222 autem
1497 3158 1538 3221 ab
1546 3155 1716 3222 Ammiano
1728 3156 1917 3223 Marcellino
1939 3163 1970 3224 in
1992 3158 2075 3224 libro
2090 3154 2205 3224 XXV.

383 3270 501 3337 Rerum
523 3285 695 3360 gestarum,
716 3289 880 3362 postquam
907 3277 1045 3340 occisum
1066 3276 1229 3340 enarravit
1248 3271 1419 3352 lulianum,
1439 3273 1514 3338 iude
1536 3294 1557 3337 a
1577 3295 1651 3361 pag.
1663 3279 1743 3346 31&
1758 3277 1867 3362 paucis
1888 3275 1995 3341 verbis
2016 3278 2204 3360 ejusmores

382 3393 462 3455 satis
484 3412 585 3477 aequo
607 3390 725 3473 judicio
747 3390 931 3477 descriptos.
974 3389 1079 3468 Quem
1100 3393 1200 3456 secuti
1221 3391 1355 3475 primum
1378 3391 1570 3468 videbimus,
1591 3392 1704 3478 quibos
1726 3389 1895 3456 virtutibus
1915 3391 2019 3456 clarus
2035 3392 2205 3456 exstiterit.

384 3504 540 3571 Solebaut
560 3519 665 3571 auteur
686 3507 829 3594 plerique
850 3507 1031 3593 philosophi
1051 3523 1123 3594 post
1135 3507 1300 3572 Platonem
1321 3520 1468 3592 quattuor
1488 3508 1657 3593 primarias
1679 3512 1809 3571 virtutes
1825 3530 1956 3592 ponere,
1966 3509 2207 3592 temperantiam

384 3621 622 3710 (σωφροσύνην),
643 3622 1039 3710 pnrdentiam(‹ppu'uqua),
1054 3627 1213 3710 justitiam
1226 3623 1460 3709 (δικαιοσύνην),
1481 3623 1701 3688 fortitudinem
1723 3622 1890 3710 (ἀνδρίαν),
1910 3623 2024 3710 quibus
2040 3636 2205 3710 postquam

384 3739 465 3806 alias
486 3741 641 3826 quasdam
663 3744 795 3806 virtutes
821 3742 953 3826 addidit,
980 3741 1167 3806 Ammianus
1188 3738 1349 3804 lulianum
1369 3742 1491 3804 intento
1512 3739 1618 3804 studio
1639 3743 1685 3804 ait
1706 3739 1843 3806 coluisse
1864 3763 1975 3806 omues
1997 3754 2030 3804 ut
2052 3739 2205 3826 singulas.

534 3853 762 3943 Temperantia
783 3873 888 3924 autern
911 3881 1004 3924 omne
1025 3879 1125 3946 genus
1146 3859 1191 3920 itu
1213 3859 1365 3922 enituisse
1389 3857 1514 3936 dicitur,
1545 3871 1580 3922 ut
1606 3856 1752 3944 neglecto
1776 3879 1907 3944 corpore
1929 3879 2053 3942 omnem
2076 3876 2207 3940 operam

385 3975 490 4036 auimo
513 3973 693 4038 excolendo
718 3975 853 4043 dederit.
890 3974 998 4052 Quare
1020 3988 1053 4038 et
1074 3971 1215 4038 ciborum
1236 3987 1270 4038 et
1290 3978 1393 4038 somni
1413 3976 1619 4060 parsimonia,
1640 3977 1775 4061 „quibus
1795 3974 1881 4039 domi
1903 3975 2043 4058 lorisque
2064 3976 2206 4036 tenacius

385 4087 557 4166 utebatur,”
578 4089 732 4155 laudatur.
755 4089 922 4179 „Namque
944 4093 976 4156 iu
997 4113 1077 4177 pace
1099 4093 1199 4158 victus
1222 4093 1293 4176 ejus
1313 4111 1556 4178 mensarumque
1566 4092 1703 4157 tenuitas
1718 4105 1787 4156 erat
1797 4104 1883 4156 recte
1893 4090 2097 4155 uosoentibus
2107 4087 2207 4154 admi-

384 4204 494 4283 rande,
516 4203 602 4269 velut
629 4207 670 4271 sd
697 4207 829 4295 pallium
850 4231 925 4274 mox
946 4209 1117 4286 reversuri,
1143 4229 1200 4293 per
1220 4209 1327 4272 vanus
1349 4219 1455 4273 auteur
1476 4211 1655 4294 procinctus
1677 4223 1766 4276 stans
1787 4206 1944 4273 interdum
1964 4227 2054 4272 more
2074 4203 2206 4270 militiae

385 4322 488 4386 cibum
511 4319 640 4386 brevem
663 4324 821 4412 vilemque
843 4348 968 4391 sumere
992 4324 1170 4392 visebatur'’
1195 4323 1316 4411 (Arum.
1337 4320 1439 4388 Marc.
1464 4324 1486 4389 Ι.
1514 4324 1562 4411 1.).
1591 4323 1682 4404 „Neo
1711 4325 1868 4411 cupediae
1887 4321 2029 4390 ciborum
2049 4343 2095 4386 ex
2115 4323 2205 4409 regio

373 4453 483 4516 more,
512 4438 571 4503 sed
597 4441 656 4504 sub
685 4440 860 4506 columellis
889 4440 1085 4506 tabernaculi
1112 4444 1239 4528 parcius
1267 4455 1448 4519 coenaturo,
1476 4440 1574 4528 pultis
1601 4446 1707 4528 portio
1734 4443 1905 4528 parabatur
1933 4441 2053 4526 exigua
2081 4440 2204 4528 (Arum

382 4552 430 4618 Μ.
451 4553 494 4618 11).
514 4558 566 4624 95.
585 4577 617 4640 p·
637 4560 709 4628 308.
732 4559 771 4621 cl.
792 4557 835 4622 lb.
856 4564 907 4628 21.
928 4581 957 4644 p.
979 4563 1078 4640 103.)
1127 4556 1235 4634 Quare
1262 4571 1387 4641 poterat
1408 4560 1483 4641 jure
1512 4581 1571 4623 suo
1600 4559 1633 4623 iu
1664 4559 1808 4624 oratione
1837 4557 1877 4621 ad
1904 4556 2022 4622 milites
2049 4556 2206 4644 quondam

383 4669 503 4750 habita,
525 4661 618 4758 quum
640 4695 693 4737 res
715 4673 756 4738 ud
777 4675 967 4739 seditionem
987 4687 1156 4762 spectaret,
1177 4672 1228 4737 his
1249 4672 1357 4738 verbis
1377 4676 1440 4739 uti:
1469 4697 1552 4754 „uec
1571 4673 1703 4761 pudebit
1732 4676 1966 4760 imperatorem,
1991 4673 2207 4770 sanctadona

449 4929 476 4990 ⁸)
494 4929 582 5062 (jetra
599 4943 615 4979 a
633 4929 737 5062 christo
755 4927 822 5020 nihil
844 4931 1011 5062 uqqmqquile
1028 4935 1129 5022 gestum
1150 4929 1188 4978 ait
1205 4931 1270 4993 (lul.
1287 4931 1354 5064 aqud
1372 4933 1434 4993 cyr.
1452 4943 1477 4991 p.
1495 4929 1595 5063 ³913}
1613 4931 1752 4981 contraria
1772 4930 2010 5065 :mandamentis
2026 4929 2126 4995 legitur
2142 4935 2206 4996 opp.

516 5029 531 5060 n
590 5047 598 5062 .
655 5049 662 5061 .
707 5048 714 5063 .
827 5031 837 5043 ⁴
897 5029 921 5059 or
974 5014 982 5034 ’
1267 5011 1279 5024 ”
1399 5007 1406 5024 ’
1428 5007 1434 5023 “
1888 5005 1894 5023 '
2000 5009 2006 5024 ¹
2180 5019 2193 5032 ·

498 5027 596 5164 ῙρΜΡ.
611 5018 688 5164 :deor
705 5029 957 5166 'gemerem-mc
972 5015 1313 5169 qqqqqchquqqalq'qqqrm
1320 5030 1374 5148 {qq
1384 5031 1554 5168 27inss
1570 5016 1742 5150 ..xxm
1759 5033 1774 5064 x
1821 5016 1852 5066 ta
1878 5031 1960 5083 *rme
1979 5031 2010 5065 rr
2025 5017 2137 5082 tffr‘dvt
2152 5033 2206 5074 wne
