4818 5800
1087 444 1141 524 19

197 635 363 724 gemilium
384 635 547 702 habendas
571 657 629 720 pro
650 637 807 719 speciosis
828 635 922 702 vitiis.
967 632 1061 710 Quod
1084 635 1212 712 dictum,
1235 634 1350 700 durune
1378 635 1462 702 male
1491 640 1727 724 interpreteris,
1756 663 1814 708 uos
1843 655 1928 708 totos
1950 667 2022 732 pro·

196 755 286 830 hare,
306 751 392 818 baud
412 751 594 820 infitiamur.
638 751 710 816 Vna
732 755 816 818 enim
844 773 921 816 rera
943 753 1041 816 uirtus
1065 753 1158 817 nohis
1179 774 1218 817 aa
1239 751 1377 828 videtur,
1397 754 1469 832 ubi,
1500 755 1705 842 desrparaute
1736 757 1776 824 de
1805 773 1913 826 nostra
1937 766 2022 848 ipso·

196 893 265 938 rruu
289 872 332 948 ri,
353 893 374 934 a
393 869 465 956 Deo
486 869 557 934 solo
577 891 703 940 omnem
732 868 865 936 salutem
894 871 1046 952 petineat
1073 890 1210 934 seuero
1239 867 1318 934 solis
1345 868 1536 935 Christianis
1564 887 1613 936 est
1640 881 1785 961 propria,
1812 881 1865 963 qui
1896 879 2021 956 docent,

197 989 257 1054 nisi
281 991 309 1052 si
330 991 411 1074 quis,
432 1007 569 1071 persona
591 1009 649 1052 rua
677 988 770 1052 morti
801 987 934 1061 devota,
962 1006 1078 1052 novam
1110 990 1206 1052 vitam
1234 986 1366 1070 induat,
1388 990 1545 1052 neminem
1574 992 1758 1056 satisfacere
1779 992 1862 1059 Deo.
1912 992 2020 1071 Quare

196 1106 258 1168 nisi
281 1117 481 1172 autrannus
503 1106 602 1168 nostri
624 1123 732 1168 nruore
755 1116 787 1166 et
807 1101 913 1166 studio
935 1107 994 1166 nus
1015 1101 1268 1182 liberaverimus,
1293 1125 1497 1190 quaecunque
1519 1107 1734 1186 instituemus,
1766 1132 1805 1174 en
1832 1111 1921 1176 nihili
1948 1135 2020 1178 cen-

195 1221 299 1285 senda
318 1236 419 1287 erunt.
460 1218 621 1297 Quamdiu
642 1222 725 1284 enirn
748 1221 864 1284 nostris
885 1217 1109 1304 cupiditatibus
1131 1224 1298 1298 servimus,
1319 1223 1388 1286 sire
1411 1243 1455 1286 ex
1477 1244 1608 1308 corpore
1630 1227 1698 1288 sive
1720 1248 1762 1290 ex
1794 1231 1899 1294 animo
1929 1245 2018 1296 ortae

199 1351 288 1416 aunt,
311 1360 387 1418 uera
409 1341 510 1403 virtus
531 1335 739 1414 desideratur,
760 1338 933 1421 inanesque
954 1356 1065 1400 omnes
1087 1341 1186 1402 nostri
1206 1336 1344 1406 labores.
1393 1335 1512 1404 Juliani
1540 1355 1645 1406 autem
1676 1355 1708 1405 et
1730 1345 1848 1440 scripta
1873 1345 2018 1432 legentes

195 1467 228 1518 et
246 1477 301 1520 res
320 1469 430 1542 gestas
451 1453 626 1531 audientes,
648 1451 802 1530 dolemus,
823 1453 907 1538 quod
928 1451 1088 1538 pleraque,
1109 1474 1192 1542 quae¹
1210 1455 1327 1539 gessit,
1356 1476 1464 1538 parum
1492 1459 1537 1522 ita
1566 1459 1710 1522 instituta
1729 1459 1867 1540 fuerunt,
1888 1476 1923 1529 ut
1943 1487 2017 1542 cura

194 1574 245 1636 aui
272 1572 419 1658 neglecta
446 1573 571 1638 sincero
600 1572 700 1656 ipsius
727 1570 803 1634 boni
829 1591 938 1634 amore
967 1568 1143 1636 duceretur.
1192 1568 1274 1636 Natu
1307 1573 1438 1656 primunr
1471 1575 1502 1636 in
1526 1572 1724 1659 philosophia
1753 1576 1905 1657 colenda,
1934 1584 2017 1668 quod

194 1702 289 1774 caput
309 1693 378 1774 ejus
400 1692 485 1754 vitae
507 1689 688 1774 putandum,
709 1689 812 1774 magis
834 1699 971 1768 externa
992 1683 1127 1771 quadarn
1149 1685 1358 1753 admiratione
1379 1692 1449 1773 ejus
1470 1689 1654 1768 tenebatur,
1677 1715 1769 1777 quam
1791 1708 1826 1759 ut
1845 1700 1914 1781 ipse
1935 1703 2017 1764 seri-

195 1807 271 1871 tatis
293 1807 398 1872 studio
419 1805 555 1871 arderet.
597 1802 691 1881 Quod
715 1801 821 1888 paullo
843 1805 986 1868 seuerius
1008 1802 1145 1867 lortasse
1167 1802 1283 1868 dictum
1306 1804 1477 1880 ridebitnr3
1499 1802 1604 1870 habeo
1632 1820 1749 1886 tamen,
1770 1833 1832 1896 quo
1852 1813 1887 1876 id
1909 1815 2018 1880 defen·

194 1922 277 1988 datu.
319 1921 403 1988 Nam
426 1922 534 1999 uudta,
556 1942 638 2008 quae
660 1922 796 2006 scripsit,
817 1931 885 1983 arte
909 1932 940 1982 et
968 1918 1123 1984 industria
1150 1917 1257 1984 lictum
1284 1933 1316 1984 et
1345 1922 1523 1985 affectatum
1551 1927 1726 2007 sapientiae
1755 1949 1894 1996 aurorem
1923 1934 1955 1996 in
1975 1956 2016 1998 oo

193 2038 294 2126 luisse
312 2041 452 2125 produnt
468 2038 528 2125 (cf.
550 2061 621 2123 epp·
644 2035 696 2108 ll·
717 2043 767 2108 ts
792 2039 840 2106 16.
859 2037 910 2104 34.
927 2032 1072 2121 thahu).
1095 2057 1227 2121 euntque
1249 2039 1281 2100 in
1303 2037 1556 2124 philosophando
1577 2045 1679 2126 magis
1700 2058 1871 2127 spectasse,
1889 2062 1922 2112 ut
1943 2048 2016 2116 aliis

193 2154 344 2240 placeret,
366 2178 460 2243 quarn
482 2171 515 2221 ut
536 2155 597 2218 sibi
619 2155 818 2220 satisfaceret
840 2159 906 2238 lep·
929 2156 978 2224 lli.
998 2151 1090 2221 Orat.
1111 2151 1173 2218 IV·
1189 2175 1219 2238 p·
1242 2158 1312 2225 157.
1334 2152 1402 2240 C.),
1422 2168 1516 2241 atque
1538 2169 1572 2220 ut
1590 2177 1654 2222 uno
1678 2158 1774 2224 verbo
1796 2163 1911 2244 dicam,
1943 2186 2015 2233 euru

193 2270 361 2340 ambitiose
382 2273 495 2338 laudes
520 2271 739 2358 philosophiae
761 2282 917 2356 captasse.
947 2269 1122 2354 Propterea
1144 2282 1268 2336 etcum
1289 2271 1363 2336 aliis
1383 2292 1418 2338 sa
1442 2291 1625 2356 comparare
1646 2276 1740 2355 solet,
1760 2293 1793 2342 et
1815 2301 1911 2365 saepe
1934 2280 2015 2346 alios

192 2393 376 2477 perstringit
398 2405 429 2456 οι
452 2392 592 2455 dicteriis
615 2391 724 2474 carpit.
768 2383 841 2462 Qua
860 2389 893 2452 in
914 2390 1115 2480 retqunmvis
1142 2387 1284 2452 modeste
1313 2387 1354 2452 de
1375 2411 1410 2454 re
1442 2386 1528 2474 loqui
1548 2389 1692 2470 studeat,
1720 2407 1825 2460 tamen
1853 2396 1913 2462 hoc
1934 2401 2015 2484 ipso,

193 2507 277 2592 quod
299 2507 339 2571 de
359 2528 395 2573 se
418 2510 517 2573 rerba
545 2507 585 2571 ad
608 2481 748 2590 speciem
775 2503 952 2570 modestiae
980 2505 1154 2589 composita
1180 2507 1365 2589 saepissime
1391 2506 1483 2582 lacit,
1514 2509 1593 2572 satis
1620 2507 1743 2594 gloriae
1775 2529 2012 2599 receptantem

193 2627 307 2711 arguit.
349 2625 400 2689 Ad
430 2625 514 2711 quod
542 2622 736 2710 probandum
764 2623 902 2686 maxime
932 2622 1048 2688 idonea
1076 2621 1222 2686 ridentur
1244 2621 1325 2690 baec
1346 2622 1446 2688 rerba
1465 2619 1571 2706 (Orat.
1593 2622 1632 2688 11.
1655 2648 1684 2711 p.
1706 2630 1757 2696 79.
1780 2627 1852 2716 D.):
1883 2635 1938 2710 „mi
1958 2633 2013 2720 γὰρ
2098 2702 2102 2714 Ι

192 2743 291 2810 πάντα
312 2743 381 2826 ὑμῖν
402 2741 515 2818 ἄτοπος
536 2747 694 2825 φανοῦμαι,
716 2735 793 2806 ἀλλὰ
812 2745 930 2806 πολλῶν
950 2738 1010 2824 μὲν,
1032 2742 1122 2824 οἶμαι,
1144 2740 1343 2826 φαυλότερος,
1366 2742 1430 2808 κατ’
1451 2739 1577 2826 ἐμαυτὸν
1604 2741 1635 2809 di
1664 2745 1865 2829 ἐξεταζόμενος
1885 2752 1921 2816 οὐ
1942 2779 2013 2818 παι.

192 2858 319 2928 τάπησιν
340 2862 516 2948 ἀπόβλητος,
538 2857 606 2926 οὐδὲ
627 2858 753 2932 ἀτόποις
773 2857 949 2943 ἐπιχοιρῶν.”
992 2855 1056 2920 Sed
1083 2875 1145 2920 non
1167 2856 1269 2922 solum
1292 2861 1325 2922 in
1347 2859 1403 2935 iis,
1425 2879 1506 2944 quae
1528 2857 1570 2922 nd
1591 2861 1728 2924 animum
1751 2879 1781 2925 et
1804 2866 2013 2948 cogitationes

191 2978 359 3061 portinent,
380 2977 437 3042 sed
460 2980 555 3041 etiarn
577 2977 679 3062 magis
700 2977 734 3038 in
755 2976 796 3038 iis
818 2973 924 3050 rebus,
945 2994 1025 3059 quas
1045 2973 1131 3037 dotnl
1152 2971 1291 3060 bellique
1312 2976 1431 3060 gessit,
1460 2993 1551 3060 quarn
1574 2978 1760 3042 ambitiosus
1783 2995 1885 3058 esset,
1908 2998 2012 3048 osten-

192 3093 247 3158 dit.
289 3089 376 3160 Raro
397 3097 481 3159 enim
503 3093 573 3158 solo
595 3094 700 3158 studio
721 3089 796 3156 boni
818 3111 855 3154 ac
873 3089 1140 3168 conducebatur,
1161 3093 1289 3175 saepius
1303 3091 1494 3156 ostentando
1514 3093 1741 3170 fortitudinem,
1761 3103 2011 3182 terrrperautium,

192 3210 273 3275 alias
295 3213 438 3289 uirtutes,
460 3209 625 3296 gloriolam
648 3205 827 3294 appetebat.
875 3208 989 3271 Laudo
1014 3207 1151 3292 quidem,
1173 3209 1256 3294 quod
1277 3205 1409 3293 gloriam
1432 3210 1526 3274 iniis
1548 3210 1644 3274 rebus
1665 3215 1788 3296 posuit,
1820 3233 1897 3300 quas
1917 3238 2012 3302 supra

192 3331 432 3407 nominavimus,
456 3332 608 3413 vitupero,
630 3325 834 3413 ‹puodnimia
855 3323 957 3388 laudis
978 3324 1150 3410 cupiditate
1172 3324 1325 3389 adductus
1345 3323 1497 3411 pleraque
1519 3332 1628 3412 gessit.
1659 3325 1745 3393 Nam
1762 3329 1832 3394 iere
1853 3353 2011 3420 nunquam

192 3449 224 3510 in
245 3448 296 3526 iis,
321 3465 403 3532 quae
422 3447 529 3510 iacere
550 3441 746 3519 instituebat,
767 3441 845 3506 satis
866 3439 1015 3520 hahebat,
1037 3441 1123 3529 qood
1144 3462 1183 3505 ea
1205 3440 1368 3528 probanda
1388 3445 1449 3526 ipsi
1472 3443 1671 3522 viderentur,
1694 3446 1753 3510 sed
1774 3447 1870 3512 alium
1891 3453 2012 3517 eximia

190 3563 286 3628 laude
310 3563 488 3649 praeditum
514 3565 615 3627 virum
645 3563 752 3625 animo
780 3577 957 3644 proponere
990 3557 1115 3622 solebat
1147 3569 1202 3620 ant
1228 3559 1415 3622 imitandum
1443 3576 1497 3624 aut
1526 3560 1758 3627 aemulandum.
1807 3561 1861 3628 Sic
1888 3569 1920 3632 in
1948 3588 2010 3633 uua

191 3683 334 3746 oratione
356 3677 445 3744 v111.
468 3681 636 3745 amicitiara
659 3697 749 3743 ruam
771 3689 930 3760 comparat
952 3697 1022 3740 cum
1045 3673 1176 3740 Theseo
1205 3685 1237 3738 et
1262 3673 1402 3740 Pirithoo
1432 3675 1479 3762 (p.
1506 3681 1578 3747 Μ’).
1600 3677 1672 3762 0.),
1704 3701 1773 3745 curn
1801 3680 1950 3767 Scipione
1978 3703 2010 3750 οι

190 3796 307 3862 Laelio
330 3796 378 3884 (p.
399 3797 470 3866 Ql-l.
493 3794 559 3881 C.),
582 3817 650 3860 cum
675 3793 797 3860 Pericle
819 3807 914 3879 atque
934 3791 1132 3879 Anaxagora
1155 3789 1289 3877 aliisquo
1313 3792 1360 3877 (p.
1381 3796 1482 3878 tes),
1504 3796 1636 3859 virtutes
1657 3817 1732 3861 suas
1753 3817 1823 3863 curn
1844 3797 1943 3866 Ulixe
1963 3805 2007 3888 (p.

189 3918 262 3984 250.
284 3911 350 4000 Β.),
373 3913 560 3979 modestiam
582 3931 659 3977 cum·
672 3911 851 3976 Alexandri
873 3909 1072 3975 immodestia
1093 3909 1140 3994 (p.
1162 3913 1234 3980 250.
1255 3909 1352 3995 seq.).
1375 3908 1412 3974 ln
1432 3909 1645 3997 lllisopogone
1668 3911 1789 3977 Catone
1811 3937 1848 3980 se
1870 3921 2010 4003 asperio-

190 4051 258 4095 rem
280 4033 324 4094 ait
347 4033 389 4116 (p.
411 4033 483 4100 359.
505 4028 573 4112 rh).
615 4029 768 4094 Similiter
789 4025 959 4092 eum'belli
982 4027 1143 4092 desiderio
1164 4027 1282 4091 arsisse
1309 4041 1417 4093 narrat
1440 4027 1645 4100 Ammianus,
1671 4042 1706 4091 ut
1730 4027 1866 4096 Parthici
1895 4055 2009 4121 cogno·

191 4161 329 4212 mentum
349 4145 499 4216 laudibus
522 4149 589 4211 suis
611 4145 744 4212 adderet
765 4121 843 4228 (Lb.
857 4149 909 4215 ts.
924 4167 953 4229 p·
969 4144 1070 4230 tot),
1091 4146 1168 4210 item
1186 4145 1306 4230 pudore
1329 4143 1486 4222 affectum,
1506 4145 1591 4230 quod
1606 4145 1817 4210 Aemilianum
1829 4147 2008 4234 Scipionem

191 4265 310 4329 imitari
331 4285 393 4329 non
417 4239 571 4349 potuisset
602 4261 669 4340 (Lh
682 4264 742 4333 34.
766 4260 908 4348 ptffi),
930 4275 961 4325 et
984 4261 1047 4339 „ad
1069 4259 1313 4325 scutulationem
1335 4261 1486 4326 Caesaris
1507 4258 1595 4338 lolii,
1616 4262 1770 4347 quasdam
1792 4264 1851 4330 sub
1872 4265 2008 4351 pellibus

190 4378 369 4458 scribentis,
391 4377 544 4446 obscurae
567 4383 669 4446 noctis
690 4379 855 4444 altitudine
879 4379 1045 4443 sententiis
1066 4377 1229 4461 cujusdam
1241 4375 1420 4465 philosophi
1442 4379 1544 4440 teneri
1564 4376 1710 4444 solitum”
1723 4379 1799 4467 (Lb.
1814 4387 1865 4451 25.
1875 4404 1907 4468 p.
1917 4385 2008 4470 308).

189 4493 263 4584 lpse
285 4495 450 4563 confitetur
472 4498 519 4584 (p.
541 4503 613 4569 953.
634 4497 700 4584 rh),
720 4520 756 4562 se
780 4495 842 4561 sibi
864 4495 966 4560 rideri
988 4506 1148 4560 certamen
1170 4493 1348 4580 suscepisse
1372 4515 1441 4559 curu
1463 4493 1651 4560 Alexandro
1673 4512 1705 4560 et
1726 4496 1847 4562 Marco:
1868 4503 1942 4577 „aral
1958 4483 2009 4586 por

190 4613 283 4682 πάλαι
302 4617 355 4698 μέν
375 4616 498 4698 οἰομένῳ
525 4615 601 4700 πρός
628 4643 660 4683 re
691 4612 743 4683 τὸν
768 4613 959 4698 Ἀλέξανδρον
988 4611 1037 4680 καὶ
1066 4610 1119 4680 τὸν
1150 4612 1290 4697 Μάριοι,
1319 4610 1368 4678 xci
1391 4609 1592 4687 destinor
1613 4613 1723 4698 ys'yorsr
1745 4617 2007 4702 dpupidrupe'pur,

189 4730 335 4818 εἶναιτὴν
352 4731 506 4839 piprilari’
550 4731 641 4797 Hanc
663 4746 768 4797 autem
789 4731 913 4818 gloriae
934 4730 1149 4815 cupiditatem,
1170 4728 1212 4794 ad
1234 4749 1328 4815 quam
1349 4729 1418 4812 ipsa
1440 4742 1551 4792 natura
1573 4727 1744 4810 ferebatur,
1765 4734 1867 4818 magis
1885 4747 2007 4798 auctam

189 4847 325 4934 legimus
346 4847 386 4913 ah
409 4853 459 4927 iis,
480 4852 533 4936 qui
554 4851 636 4912 circa
658 4868 729 4914 euru
750 4848 968 4925 retrahantur,
990 4867 1069 4934 quos
1090 4848 1275 4934 quominus
1301 4843 1363 4910 sihi
1384 4859 1587 4929 persuaserat
1608 4847 1730 4912 adulari
1751 4847 1812 4914 sihi
1833 4869 1946 4934 posse,
1973 4865 2008 4917 ut

188 4964 405 5052 philosophus,
427 4987 466 5030 eo
487 4967 731 5050 perniciosiores
753 4968 872 5029 amicos
894 4967 922 5029 ei
946 4963 1044 5028 luisse
1066 4965 1214 5028 dixerim.
1256 4961 1309 5027 Ad
1330 4961 1412 5050 quod
1435 4959 1631 5044 probandum
1651 4968 1729 5028 satis
1753 4967 1812 5029 erit
1832 4963 1893 5030 lroc
1912 4987 2006 5032 unum

189 5081 372 5167 exemploru
394 5083 560 5168 adjecisse,
581 5082 665 5167 quod
686 5081 803 5168 legitur
824 5087 857 5146 iu
882 5081 1016 5168 epistola
1046 5081 1086 5145 ad
1108 5077 1320 5146 Themistiom
1348 5076 1568 5166 philosophum
1592 5077 1667 5145 data
1694 5079 1793 5168 (Opp.
1823 5106 1852 5169 p.
1872 5089 1944 5156 253,
1969 5085 2005 5153 C.

814 5197 819 5210 ,
1544 5195 1565 5258 3
1588 5197 1606 5234 „
2009 5193 2015 5202 .
