4818 5800
1081 431 1134 518 11

201 643 254 708 ιιι,
275 628 391 696 deinde
409 649 467 714 per
488 649 600 694 omnes
621 642 724 695 terras
750 628 954 715 migraverit,
977 630 1048 712 jam
1076 647 1137 714 ope
1165 649 1224 694 sna
1257 631 1374 717 ubique
1401 653 1527 719 semper
1553 655 1706 721 praesens
1737 637 1796 714 sit,
1835 649 1870 702 ut
1902 641 2026 706 animos

200 747 290 810 vitiis
312 744 436 812 deditos
458 745 562 832 erigat
582 759 617 810 et
636 743 820 832 corporibus
839 741 975 808 infirmis
998 744 1162 810 medeatur
1183 744 1263 830 (Jut.
1282 769 1332 833 ap.
1347 747 1428 832 Cpr.
1451 771 1482 834 p.
1502 753 1574 821 200.
1594 752 1636 816 A.
1657 748 1695 816 Β.
1718 765 1750 818 et
1772 775 1801 838 p.
1822 757 1896 825 287.
1917 757 1955 821 E.
1982 757 2026 845 ⁸).

350 861 442 928 llaec
462 861 622 927 sufficiant
644 861 686 926 od
707 860 916 947 exponendas
939 861 1118 946 opiniones,
1139 881 1219 948 quas
1239 859 1388 928 Julianus
1402 841 1447 928 ⁸de
1468 863 1541 930 Deo
1562 878 1595 930 et
1615 866 1794 936 bominibus
1816 869 1971 954 habuerit,
1988 887 2025 938 'ot

196 977 241 1044 de
262 1000 302 1044 es
322 982 565 1065 rationeq'quae
581 983 665 1043 inter
684 980 774 1062 ipsos
794 977 979 1042 intercedat.
1011 975 1105 1043 Nunc
1125 997 1225 1066 panca
1246 978 1382 1043 addituri
1403 1001 1523 1058 sumus,
1540 979 1758 1071 quibus,'quid
1782 1006 1841 1051 nos
1862 987 1902 1053 de
1923 989 2025 1076 pbilo-

200 1094 317 1180 sophia
342 1099 412 1180 ejus
438 1097 625 1172 ιοιιιίιαιιι,
650 1093 816 1161 indicetur.
867 1089 941 1168 Qua
968 1095 1002 1157 in
1027 1114 1063 1156 re
1091 1093 1190 1158 molto
1216 1094 1347 1159 facilins.
1370 1117 1536 1180 possemus
1558 1099 1714 1181 judicare,
1746 1105 1808 1168 nisi
1830 1107 1932 1169 omnis
1953 1109 2024 1191 ejus

201 1210 412 1298 philosophia·
431 1209 582 1298 oppositis
607 1211 722 1274 fnisset
748 1207 835 1274 fidei·
855 1208 1125 1285 Christianorum
1163 1209 1250 1275 aliud
1285 1215 1370 1277 euim
1397 1225 1447 1279 est
1474 1215 1675 1300 opinionibus
1702 1218 1836 1282 ethnicis
1865 1221 2022 1288 addictum

201 1348 284 1408 esse,
305 1327 360 1394 ubi
383 1326 583 1414 evangelium
605 1327 717 1392 doctus
736 1346 799 1391 nos
820 1325 930 1402 fueris,
952 1324 1037 1404 aliud
1061 1347 1080 1389 a
1101 1324 1283 1391 Christiana
1312 1327 1457 1394 doctrina
1482 1331 1618 1415 migrare
1646 1333 1685 1396 ad
1715 1333 1862 1419 gentiles.
1915 1334 2024 1413 Quare

201 1441 272 1510 fieri
291 1456 409 1530 potest,
429 1455 474 1522 nt,
499 1465 580 1530 quae
605 1446 640 1508 in
659 1441 734 1508 aliia
754 1440 969 1520 laudarem,
991 1442 1103 1506 eadent
1122 1447 1156 1507 in
1182 1440 1310 1507 Juliano
1337 1446 1545 1529 vituperanda
1571 1448 1748 1514 videantur.
1791 1441 1856 1515 Se'd
1878 1453 2023 1520 nolumus

200 1559 254 1626 bic
271 1582 384 1626 cauas
418 1561 546 1637 all'erre,
571 1580 628 1624 cur
662 1562 731 1644 ipse
757 1556 854 1622 fidem
881 1561 1065 1634 mutaverim
1096 1559 1157 1624 lroc
1184 1559 1303 1624 tanaim
1325 1560 1494 1625 ostendero
1517 1565 1711 1642 conabimur,
1733 1581 1882 1652 quantum
1904 1567 2022 1636 Juliani

200 1678 368 1764 opinionon
389 1679 420 1741 ei
441 1677 615 1755 doctrinae,
642 1697 738 1761 quarn
759 1673 912 1752 deseruit,
932 1673 1173 1760 posthabendas
1194 1681 1268 1740 sint.
1310 1675 1415 1740 Antea
1437 1689 1542 1742 tamen
1565 1679 1746 1760 videndum,
1768 1703 1841 1750 num
1863 1690 1934 1771 ejus
1956 1688 2023 1775 plri-

199 1791 347 1879 losoplria
373 1816 431 1880 per
460 1811 496 1859 se
523 1804 666 1878 spectata
694 1793 810 1856 rationi
838 1790 996 1856 humanae
1024 1807 1238 1855 consentanea
1264 1793 1387 1878 sibique
1408 1796 1470 1877 ipsi
1492 1810 1640 1858 constans
1660 1795 1766 1866 fuerit.
1809 1800 1914 1889 Atque
1936 1820 2022 1871 recte

201 1911 328 1997 quidem
356 1911 472 1976 iedsse
499 1909 646 1974 Julianus
675 1907 811 1984 ridetur,
836 1907 921 1994 qu'od
950 1927 1062 1972 omnes
1089 1929 1141 1972 res
1173 1905 1327 1972 humanas
1350 1909 1537 1996 divinasque
1559 1910 1601 1974 ad
1620 1933 1714 1976 unum
1735 1912 1841 1981 Deum
1862 1920 1980 2000 retulit,
2003 1947 2023 1988 n

201 2048 264 2113 quo
286 2030 393 2094 omnia
413 2025 602 2112 prodierint3
625 2046 684 2088 uec
704 2025 808 2088 minus
827 2001 916 2090 reolo
935 2029 969 2089 in
990 2027 1063 2110 ipso
1082 2025 1211 2088 nurnine
1235 2025 1418 2089 discrimina
1447 2029 1563 2111 posuit,
1591 2030 1661 2114 quia
1679 2030 1719 2093 ab
1742 2052 1804 2094 uno
1827 2048 1920 2120 atque
1943 2039 2023 2102 indi·

201 2143 298 2209 ritlso
325 2143 543 2210 diversitatem
569 2163 684 2219 rerum,
718 2139 828 2226 quales
856 2156 939 2218 stent,
967 2141 1141 2227 profectam
1167 2143 1377 2206 esse-rationi
1398 2144 1477 2207 satis
1498 2163 1561 2208 non
1584 2143 1749 2228 probaton
1782 2148 1917 2238 denique'
1938 2159 2023 2240 quod

202 2263 284 2326 iuter
304 2260 448 2348 singalas
469 2259 548 2324 deos
568 2256 768 2322 intercedere
790 2259 939 2322 unionem
954 2257 1111 2344 quandam
1133 2255 1247 2322 doceat
1267 2269 1300 2320 et
1323 2278 1488 2324 eommune
1512 2259 1679 2340 vinculum,
1701 2284 1762 2347 qno
1784 2266 1815 2328 in
1838 2289 1933 2334 unum
1950 2294 2023 2337 con·

197 2379 383 2465 jungantur,
404 2397 500 2442 ιιοιιιο
521 2377 593 2452 erit,
614 2375 689 2460 quin
709 2370 832 2458 probeo
876 2372 926 2437 *At
946 2393 1056 2458 parum
1075 2385 1163 2438 recte
1184 2371 1355 2436 discrimen
1376 2373 1465 2453 illud,
1493 2377 1576 2461 quod
1602 2379 1635 2441 in
1658 2375 1729 2443 lieo
1750 2383 1836 2461 insit,
1863 2385 1928 2450 tale
1950 2409 2023 2454 esso

203 2497 259 2575 sit,
280 2511 314 2561 ut
334 2500 501 2560 innumera
522 2489 677 2578 quaedam
701 2491 748 2553 ris'
770 2488 911 2553 Deorum
934 2492 1083 2567 assistat,
1104 2509 1185 2575 quae
1208 2510 1301 2574 qnam
1325 2509 1367 2554 ne
1395 2491 1530 2556 sufficiat
1559 2494 1684 2578 quidem
1712 2497 1889 2565 diversitati
1916 2522 2022 2572 rerum

202 2616 279 2700 (nec
301 2616 387 2678 enim
407 2610 540 2696 singulis
561 2605 736 2696 quibusque
757 2603 853 2670 robus
873 2605 994 2691 singoli
1013 2620 1165 2692 praesunt
1185 2604 1270 2691 nu),
1292 2617 1533 2672 tamentantam
1549 2613 1732 2678 varietatem
1756 2615 1881 2695 habeat,
1904 2631 1938 2685 ut
1950 2619 2022 2686 fieri

202 2753 264 2796 non
285 2730 398 2816 possit,
426 2730 500 2813 quin
530 2723 610 2789 alter
631 2721 723 2788 alteri
744 2723 907 2806 oppositus
925 2735 956 2785 et
978 2722 1180 2788 adversarius
1200 2725 1251 2788 sit.
1295 2721 1376 2788 Vult
1393 2723 1520 2808 quidem
1542 2746 1707 2793 removere
1729 2751 1748 2794 a
1770 2729 1831 2794 diis
1853 2753 1910 2798 eas
1930 2741 2022 2805 rixas

202 2863 234 2912 et
255 2849 474 2912 contentiones
496 2855 528 2906 ct
549 2838 795 2915 imbecillitates,
821 2859 899 2924 quas
926 2837 1044 2904 lnbnlis
1065 2843 1132 2904 suis
1152 2849 1267 2924 poetae
1289 2840 1328 2905 de
1350 2840 1411 2905 diis
1433 2841 1637 2928 prodiderunt
1659 2844 1767 2930 (ὁποῖα
1788 2852 1949 2935 γράφοντες
1970 2857 2022 2942 μὲν

203 2969 232 3035 οἱ
259 2967 325 3050 παρ’
350 2963 417 3048 ἡμῖν
438 2957 558 3043 ποιηταὶ
586 2953 850 3040 κατεφρονήθησαν
878 2977 908 3040 p.
935 2959 1006 3026 301.
1028 2956 1100 3042 A.),
1123 2955 1181 3021 scd
1208 2959 1356 3042 quoniam
1385 2957 1569 3043 religiosum
1600 2975 1688 3044 putat
1715 2984 1735 3025 a
1764 2971 1875 3049 patriis
1897 2969 2021 3058 legibus

201 3082 365 3157 recedere,
385 3077 483 3143 multa
504 3095 567 3140 non
589 3089 692 3160 potest
714 3093 776 3136 uon
798 3070 952 3157 recipere,
973 3095 1054 3159 quae
1077 3095 1140 3138 uon
1163 3071 1265 3138 solum
1287 3071 1443 3151 diversos,
1466 3075 1521 3138 sed
1545 3076 1626 3140 adeo
1648 3079 1730 3142 inter
1751 3101 1787 3143 se
1808 3102 2022 3173 repugnantes

202 3201 292 3264 Deos
322 3185 599 3262 esse'oslen'dant.
648 3189 748 3274 Cujus
775 3189 822 3254 rei
850 3189 1000 3275 exempla
1031 3195 1065 3254 in
1093 3193 1163 3276 ejus
1190 3191 1316 3274 seriptis
1343 3191 1460 3274 passim
1489 3193 1701 3257 inveniuntur.
1750 3197 1885 3283 Saepius
1916 3217 2022 3272 tamen

202 3335 294 3402 quatu
317 3312 377 3376 hac
397 3313 429 3375 in
451 3332 487 3375 re
509 3309 555 3373 ibi
577 3309 703 3384 errarit,
726 3305 780 3370 ubi
802 3303 969 3371 ostendere
992 3307 1107 3384 studet,
1129 3315 1189 3394 quo
1212 3305 1337 3371 vinculo
1358 3304 1477 3392 singuli
1499 3307 1541 3372 dii
1560 3310 1642 3371 iuter
1663 3330 1698 3373 se
1721 3315 1880 3398 conjuncti
1896 3331 2022 3386 tenean-

202 3447 262 3499 tur.
304 3425 429 3496 Accidit
450 3428 535 3490 enim
556 3425 587 3487 ei
608 3443 716 3507 saepe,
737 3434 772 3486 ut
792 3425 895 3510 potius
918 3418 1088 3488 confundat
1109 3427 1193 3489 inter
1214 3442 1249 3488 se
1271 3423 1362 3486 vana
1382 3425 1511 3487 numina
1538 3445 1632 3510 quarn
1652 3427 1685 3489 in
1716 3449 1812 3494 unum
1840 3438 2021 3524 conjungat.

202 3549 271 3617 Nec
292 3543 394 3614 solunt
415 3545 457 3609 ad
478 3565 571 3607 unum
594 3561 708 3604 numen
726 3538 816 3632 plura
837 3541 966 3604 nomina
994 3553 1027 3604 et
1058 3540 1204 3606 diversas
1234 3552 1362 3604 naturas
1391 3539 1490 3604 refert
1519 3539 1571 3626 (ut
1599 3537 1639 3604 ad
1669 3539 1814 3630 Solem),
1841 3551 1899 3614 sed
1927 3557 2022 3620 etiam

203 3665 334 3734 eosdem
353 3662 483 3727 labores
509 3659 699 3742 easdemque
731 3657 861 3721 virtutes
889 3655 1032 3741 pluribus
1062 3657 1154 3722 simul
1181 3656 1361 3722 numinibus
1390 3655 1532 3720 attribuit
1559 3655 1611 3742 (ut
1637 3656 1724 3738 Soli,
1752 3659 1842 3743 lovi,
1871 3666 2023 3754 Apollini,

202 3783 339 3862 Baccho,
360 3777 541 3854 Minervae,
560 3771 659 3858 aliis).
703 3772 787 3850 Quin
814 3773 910 3837 etiam
933 3793 1021 3838 more
1041 3773 1202 3864 Platonis,
1229 3775 1284 3838 nbi
1306 3793 1369 3836 non
1397 3772 1437 3836 da
1468 3777 1536 3858 ipsa
1564 3787 1676 3840 natura
1702 3773 1843 3846 Deorum
1873 3785 2023 3870 disputat,

205 3905 331 3979 dubius,
354 3897 445 3985 quern
469 3889 733 3966 cocetDe'orum,
754 3882 858 3954 Deum
879 3889 1063 3977 plerumque
1085 3913 1181 3955 unum
1206 3891 1312 3955 habet.
1355 3885 1448 3967 Quod
1472 3886 1595 3977 quidem
1617 3913 1674 3978 per
1698 3915 1734 3958 se
1757 3917 1884 3981 verum,
1914 3894 2025 3970 imm.

203 4027 265 4090 ,110
287 4035 391 4086 tamen
414 4012 464 4076 vel
486 4008 614 4075 loliano
637 4005 688 4070 vel
709 4003 833 4070 Platoni
854 4003 941 4071 laudi
962 4029 1060 4094 saepe
1082 4009 1239 4085 tribuitur,
1260 4028 1353 4095 quum
1375 4009 1481 4093 potins
1502 4007 1619 4072 indicio
1642 4011 1694 4088 sit,
1716 4033 1807 4098 quam
1830 4037 1940 4099 parum
1961 4019 2023 4086 sibi

204 4151 385 4206 constantes
405 4131 531 4196 luerint.
576 4121 703 4202 Quanto
724 4123 824 4188 satius
844 4123 915 4202 fuit,
944 4139 1087 4209 perstare
1109 4128 1142 4190 in
1165 4123 1229 4190 lide
1251 4111 1451 4204 Christiana,
1483 4145 1545 4210 qua
1570 4146 1650 4190 unus
1678 4125 1768 4194 Deus
1790 4129 1920 4198 docetur
1941 4157 2023 4214 esse,

203 4261 235 4322 in
262 4272 362 4340 eoque
384 4247 552 4312 discrimen
572 4247 618 4310 ita
638 4245 786 4327 positum,
809 4255 841 4305 ut
863 4263 923 4306 nec
944 4241 1041 4307 abeat
1061 4245 1130 4327 ipse
1153 4242 1185 4306 in
1207 4239 1363 4306 infinitam
1384 4243 1539 4327 quandam
1562 4242 1795 4323 diversitatem,
1817 4269 1886 4327 neo,
1909 4249 1960 4315 ubi
1983 4254 2025 4319 ad

204 4374 352 4438 unionem
374 4375 550 4439 resocatus,
572 4359 780 4425 confundatur
802 4361 906 4444 potios
934 4351 1027 4444 quarn
1055 4379 1163 4422 secum
1192 4362 1327 4422 uniatur.
1368 4355 1412 4422 At
1441 4359 1531 4423 docet
1558 4356 1703 4424 Julianus
1731 4378 1913 4446 praeterea,
1934 4365 2024 4434 Deos

204 4511 268 4556 non
288 4485 390 4551 solum
412 4486 456 4547 ita
487 4483 655 4556 exsistere,
685 4491 718 4540 ut
749 4489 855 4540 rutente
877 4475 1104 4566 intelligantur,
1126 4475 1182 4540 sed
1213 4477 1310 4540 etiarn
1331 4477 1363 4539 in
1386 4487 1497 4539 natura
1524 4497 1630 4539 rerum
1650 4475 1728 4542 deos
1749 4501 1903 4565 apparere
1924 4491 2024 4550 sensi-

204 4603 324 4696 busque
344 4600 465 4688 percipi
487 4607 579 4682 atque
602 4595 683 4659 odeo
705 4591 882 4659 simulacris
903 4613 998 4679 posse
1021 4589 1142 4678 effingi,
1170 4613 1228 4678 per
1249 4614 1328 4680 quae
1358 4595 1419 4676 ipsi
1451 4590 1593 4655 colantur
1621 4606 1654 4657 et
1682 4593 1861 4665 adorentur.
1918 4597 2024 4687 Negat

204 4721 331 4810 quidem
352 4714 519 4783 simulacra
544 4715 631 4798 ipsos
657 4714 736 4778 deos
765 4697 837 4777 esse
865 4709 1039 4796 (ἀγάλματα
1066 4709 1120 4795 γὰρ
1142 4709 1191 4776 καὶ
1213 4706 1331 4796 βωμοὺς
1351 4707 1400 4776 καὶ
1422 4705 1516 4794 πυρὸς
1537 4709 1680 4794 ἀσβέστου
1702 4711 1834 4796 φυλακὴν
1854 4716 1904 4782 καὶ
1925 4717 2024 4786 πάντα

204 4839 305 4914 ἁπλῶς
326 4833 511 4904 τὰτοιαῦτα
533 4832 667 4918 σύμβολα
689 4834 717 4900 οἱ
740 4831 864 4914 πατέρες
886 4831 992 4896 ἔθεντο
1012 4835 1065 4911 τις
1086 4828 1252 4911 παρουσίας
1278 4833 1338 4893 τῶν
1357 4831 1446 4900 θεῶν»
1468 4825 1529 4910 οὐχ’
1558 4821 1606 4891 ἵνα
1626 4827 1721 4894 ‘'⁸⁸²⁹ss
1741 4827 1834 4905 θεοὺς
1853 4833 2022 4919 l⁰l⁴l⁶⁰³l⁴⁸b

202 4993 606 5019 ..--——-—-

271 5095 296 5160 ⁸)
316 5093 351 5143 se
368 5092 451 5152 ipsunt
468 5089 500 5136 ab
518 5087 674 5148 Aesculapio
692 5087 790 5136 latetur
810 5088 929 5136 masters
948 5097 1005 5134 esse
1024 5082 1145 5134 indicatis
1163 5097 1210 5144 per
1227 5081 1357 5134 somnitus
1375 5079 1505 5132 remediis.
1523 5082 1590 5140 (inl,
1604 5085 1672 5143 send
1690 5087 1749 5146 eyr.
1768 5101 1792 5147 p.
1809 5090 1866 5138 23⁶.
1888 5089 1939 5155 c.).

1559 5183 1621 5247 20
