4818 5800
1276 422 1328 502 18

396 629 609 681 troarnenses
631 616 798 702 quidquam
820 617 977 700 attingere
998 615 1098 678 vetuit
1119 634 1239 688 eorum,
1261 635 1342 698 quae
1365 612 1405 676 ad
1427 613 1628 679 sacerdotem
1655 615 1861 699 pertinerent,
1884 611 2006 676 addens
2035 614 2059 676 si
2083 631 2124 676 eo
2144 625 2225 680 tent·

398 753 477 816 pore
503 734 548 796 ita
568 755 604 796 se
625 737 796 818 gessisset,
826 747 859 795 ιιι
886 735 1019 796 antistes
1041 733 1179 795 civitatis
1200 751 1273 794 enm
1293 732 1407 794 iterum
1429 729 1659 794 admittendam
1674 731 1845 813 judicaret,
1865 751 1902 796 se
1923 729 1964 793 de
1987 751 2027 793 eo
2041 730 2224 814 recipiendo

398 870 468 912 coru
490 847 551 912 diis
574 849 830 915 deliberaturum.
871 845 997 911 Nimius
1018 862 1125 912 tamen
1146 851 1180 912 in
1201 849 1301 912 noris
1321 845 1477 911 faciendis
1504 846 1611 913 inim·
1633 848 1725 912 uobis
1751 847 1891 920 videtur,
1921 849 1953 910 in
1983 867 2084 932 eoque
2113 869 2223 932 parum

398 963 460 1028 sibi
490 978 646 1032 constans.
698 963 853 1041 Qrtaruais
882 966 967 1028 enim
995 963 1078 1027 dicat
1104 963 1194 1049 (opp.
1223 985 1254 1048 p.
1281 967 1353 1034 ild
1374 961 1450 1044 D.):
1486 968 1581 1031 ιιιῖσαι
1608 962 1664 1049 γὰρ
1690 964 1855 1051 ἑκατόμβαι
1878 969 1931 1046 τῆς
1957 963 2043 1038 doubs
2069 960 2124 1030 uis
2152 965 2223 1031 εἰσιν

398 1081 542 1161 ἀντάξια,
564 1097 595 1146 et
616 1084 716 1150 πάντα
731 1083 780 1150 καὶ
800 1080 842 1148 τὰ
860 1080 971 1166 preytae
985 1079 1035 1146 sul
1055 1078 1164 1166 σμικρὰ
1176 1077 1251 1163 μετὰ
1269 1085 1323 1163 τῆς
1344 1078 1429 1154 ὁσίας
1448 1089 1514 1154 τοῖς
1533 1090 1621 1156 θεοῖς
1641 1083 1846 1168 προςαγιίμενα
1864 1079 1918 1164 sip
1938 1079 2001 1164 ι’σην
2018 1081 2223 1166 igaeditanum,

398 1213 504 1264 tamen
527 1213 593 1264 tam
614 1211 799 1283 sumptuosa
816 1220 910 1262 mero
931 1199 1077 1273 instituit,
1098 1211 1132 1260 nt
1154 1195 1340 1261 Ammianus
1361 1195 1383 1264 l.
1406 1218 1433 1260 c.
1462 1218 1525 1262 nou
1555 1198 1677 1262 dubitet
1704 1221 1778 1263 earn
1807 1219 1923 1262 vocare
1950 1199 2222 1282 „superstitionum

399 1320 503 1402 tnagis
525 1337 619 1401 quam
640 1335 801 1379 sacrorum
822 1313 1000 1400 legitimum
1020 1312 1272 1391 observatorem,
1296 1315 1477 1378 innumeras
1501 1318 1571 1380 siue
1593 1317 1785 1399 parsimonia
1807 1316 1945 1400 pecudes
1970 1327 2169 1392 mactantem,
2190 1329 2226 1378 ut

400 1436 632 1504 aestimaretur,
653 1433 682 1496 si
701 1433 888 1496 revertisset
908 1433 950 1496 de
964 1427 1100 1505 Parthis,
1121 1426 1221 1494 boses
1237 1438 1307 1515 jans
1328 1430 1502 1508 defuturos,
1522 1428 1627 1496 Marci
1648 1429 1734 1496 illias
1755 1430 1891 1496 similem
1903 1429 2063 1508 Caesaris,
2083 1433 2117 1494 in
2131 1452 2225 1518 quem

399 1550 434 1614 id
455 1551 635 1634 accepimus
665 1547 787 1612 dictum
806 1548 835 1614 oi
854 1546 951 1614 lausei
971 1547 1039 1633 βόες
1061 1545 1176 1630 Μάρκῳ
1197 1553 1240 1628 τῷ
1261 1551 1402 1634 Καίσαρι.
1439 1546 1494 1616 Ἀν
1515 1546 1553 1615 σὺ
1578 1547 1704 1632 νικήσῃς,
1727 1548 1808 1632 ipsit,-
1832 1549 2043 1632 tsattpeea*
2085 1543 2223 1612 Nimiam

399 1687 523 1752 quoque
545 1663 744 1750 diligentiam
767 1665 800 1727 in
823 1661 1051 1748 perscrutanda
1070 1661 1215 1728 Deorum
1236 1662 1397 1727 voluntate
1417 1666 1532 1749 poenit,
1552 1685 1605 1728 res
1625 1665 1749 1730 futuras
1769 1667 1812 1730 'cs
1834 1667 1965 1730 sorttuiis
1992 1679 2026 1728 et
2042 1667 2224 1751 extispieiis

400 1799 431 1848 et
453 1785 551 1847 variis
572 1783 727 1867 prodigiis
748 1783 923 1844 sciscitans.
965 1777 1106 1864 Suntque
1130 1777 1250 1864 aliquot
1278 1799 1331 1842 res
1353 1783 1424 1863 ejus
1444 1782 1573 1866 generis
1593 1785 1674 1846 satis
1701 1783 1875 1847 mirabiles.
1916 1779 1999 1847 Nam
2021 1796 2054 1846 et
2077 1784 2119 1846 de
2141 1782 2224 1850 Con·

399 1902 507 1964 stantii
529 1911 630 1964 morte
651 1898 746 1962 etde
766 1920 826 1961 stra
846 1911 941 1959 antea
972 1899 1087 1959 certior
1116 1895 1219 1960 factus
1244 1895 1345 1959 iciam
1373 1895 1487 1962 dicitur
1517 1897 1572 1980 (cl.
1598 1897 1784 1964 Ammianus
1812 1899 1875 1965 Lb.
1902 1905 1953 1976 91,
1980 1902 2049 1964 ἰιιίι.
2082 1899 2144 1965 Lb.
2171 1901 2223 1975 Ἦ,

399 2021 470 2083 init.
490 2018 553 2082 Lb.
571 2019 622 2085 25.
644 2036 673 2099 p.
694 2019 766 2084 310.
788 2011 869 2079 lbid.
890 2033 921 2096 p·
940 2014 1013 2082 308.
1035 2009 1100 2075 Jnl.
1121 2010 1204 2098 0pp.
1227 2032 1278 2096 ep·
1299 2013 1375 2094 17ι).
1416 2009 1529 2099 Neque
1553 2027 1658 2078 tortten
1680 2037 1807 2101 semper
1828 2019 1880 2082 ubi
1902 2015 2049 2102 prodigia
2069 2017 2100 2079 ei
2114 2015 2224 2081 oblata

399 2147 483 2212 stant,
503 2131 600 2199 fidem
621 2131 733 2196 babuit
756 2133 807 2208 iis,
827 2135 879 2216 qui
902 2141 1003 2196 artem
1024 2129 1219 2193 vaticinandi
1241 2127 1480 2212 profitebantur,
1502 2130 1559 2194 sad
1579 2130 1636 2194 nbi
1651 2153 1728 2196 usus
1745 2132 1931 2217 postularet,
1953 2131 2224 2219 antpltilosopbos

401 2248 597 2326 consulebat,
618 2263 674 2314 aut
695 2251 763 2334 ipse
784 2267 851 2312 rem
873 2245 1083 2331 disceptabat.
1124 2242 1194 2310 Nec
1212 2246 1281 2309 lcre
1302 2247 1365 2308 nisi
1386 2243 1471 2310 lacta
1492 2249 1640 2333 prodigia
1660 2249 1784 2313 uidetur
1804 2252 1983 2333 accepisse,
2002 2248 2093 2314 ‚duna
2121 2250 2224 2315 tristia

400 2368 507 2432 omnia
527 2365 697 2432 confidenti
719 2367 826 2429 auimo
848 2361 994 2428 dilueret.
1038 2358 1146 2437 Quare
1174 2382 1268 2446 quom
1297 2375 1444 2428 extremo
1471 2365 1557 2428 vitae
1585 2364 1637 2426 die
1666 2362 1816 2430 lletrusoi
1843 2363 2028 2450 barrupices
2044 2379 2224 2443 monerent,

399 2499 434 2549 ut
453 2483 612 2571 praeliant
631 2483 791 2560 differret,
821 2483 1033 2563 „imperatore
1054 2479 1140 2541 omni
1163 2477 1353 2542 rodenandi
1382 2481 1535 2544 scientiae
1555 2479 1747 2558 reluctante,
1768 2497 1881 2548 exorto
1902 2483 1971 2566 jam
1999 2481 2052 2546 die
2080 2496 2224 2567 promota

400 2599 901 2686 sunteasummmmanaa.
923 2617 953 2679 p.
975 2591 1078 2677 309.)-
1118 2590 1214 2657 Vnde
1236 2594 1320 2660 baud
1343 2595 1438 2660 dubie
1459 2595 1791 2681 apparat,lulianuru,
1812 2602 2049 2684 quamvisque
2074 2596 2223 2684 religioni

400 2718 613 2794 satisfaceret,
633 2727 753 2781 tanturn
775 2712 978 2799 opinionibus
999 2710 1161 2774 bominum
1179 2733 1219 2774 se
1234 2711 1472 2789 aeootoodaret,
1498 2725 1533 2776 ut
1559 2735 1596 2777 se
1616 2734 1772 2801 augurem
1787 2713 1949 2800 appellere
1976 2735 2039 2778 oon
2061 2727 2224 2778 vereretur

402 2832 470 2919 (καὶ
492 2833 547 2920 γάρ
569 2835 627 2917 εἰμι
646 2830 789 2918 μαντικὸς
810 2829 893 2915 Opp.
915 2852 965 2915 ep·
985 2831 1037 2898 29.
1059 2850 1089 2912 p·
1110 2826 1183 2898 403.
1205 2825 1275 2912 A.)‚
1295 2831 1450 2892 rationeru
1481 2842 1586 2894 tamen
1608 2830 1752 2894 omnibus
1773 2830 1927 2916 prodigiis
1956 2833 2111 2916 potiorem
2137 2833 2223 2916 jadi-

401 2972 503 3026 casse,
525 2972 626 3035 eaque
649 2961 775 3014 vetante
800 2946 919 3013 nullam
940 2945 1005 3010 illis
1025 2943 1122 3009 fidem
1144 2941 1304 3012 habuisse.
1349 2941 1442 3019 Quod
1463 2967 1524 3010 uon
1544 2944 1682 3010 alienam
1705 2968 1725 3009 a
1745 2959 1814 3012 tota
1834 2948 1890 3032 illa
1916 2949 2051 3026 ratione,
2072 2971 2137 3034 qna
2157 2965 2223 3016 ute·

400 3065 495 3132 batur
515 3069 547 3132 iu
569 3065 688 3132 fabulis
710 3065 761 3130 vel
783 3063 977 3150 accipiendis
997 3060 1049 3126 val
1063 3060 1256 3145 rejiciendis.
1287 3059 1404 3124 Partim
1422 3064 1505 3126 enisu
1524 3065 1593 3148 ipse
1606 3064 1760 3141 concedit,
1781 3063 1921 3128 Graecos
1942 3063 1984 3128 de
2005 3065 2066 3129 diis
2086 3063 2223 3132 finxisse

399 3183 525 3248 fabulas
546 3181 750 3249 incredibiles
772 3195 803 3244 et
825 3193 1026 3269 portentosae
1046 3176 1210 3263 (ἀπίστοις
1230 3177 1280 3246 sol
1299 3179 1482 3263 τερατώδεις.
1503 3175 1568 3243 lul.
1588 3177 1671 3264 apud
1691 3180 1765 3264 Cyr.
1786 3179 1908 3267 piri),
1921 3184 2033 3267 partim
2046 3204 2104 3246 eas
2114 3199 2223 3248 contra

401 3303 593 3385 sapientium
607 3300 731 3383 judicia
753 3311 857 3362 meror
877 3295 975 3381 (opp.
996 3293 1060 3360 Jul-
1082 3318 1111 3381 p·
1131 3299 1203 3366 llll·
1225 3294 1263 3360 B·
1282 3299 1378 3364 seiros
1406 3323 1442 3382 μι
1462 3299 1498 3364 os'
1519 3295 1869 3382 maturissimos
1890 3299 2057 3374 adsciscere
2076 3306 2136 3366 sole
2156 3301 2223 3368 isles

400 3422 500 3500 σοφῶν
521 3415 637 3492 ὕθλους
656 3419 730 3483 εἶναι
751 3415 887 3501 γραῖδίων
908 3415 962 3480 οὖν
980 3411 1146 3497 deuterio).

551 3530 699 3618 Denique
720 3535 803 3596 iuter
829 3535 962 3596 virtutes
977 3533 1056 3630 {ejus
1074 3530 1224 3594 facondia
1243 3527 1410 3608 referatur,
1431 3533 1520 3614 eujus
1542 3534 1575 3595 in
1603 3551 1643 3595 eo
1671 3530 1890 3595 admirabilem
1923 3534 1986 3594 vim
2015 3533 2147 3596 induisse
2179 3533 2221 3603 ab

401 3650 547 3716 omuibus
561 3672 687 3734 semper
699 3671 884 3714 concessum
895 3661 954 3714 est.
977 3647 1071 3728 Quod
1087 3649 1230 3733 quamvis
1243 3669 1286 3711 ex
1298 3648 1398 3730 ipsius
1408 3623 1534 3731 soriptii
1545 3649 1663 3732 optime
1677 3647 1776 3734 possit
1787 3646 1933 3733 intelligi,
1953 3661 2057 3712 tamen
2072 3648 2223 3714 nonnulla

401 3769 586 3832 testimonia
607 3787 718 3830 eornm
736 3768 934 3851 scriptorum,
955 3768 1008 3852 qui
1030 3777 1139 3829 contra
1159 3767 1262 3848 ipsum
1281 3763 1378 3828 locuti
1398 3774 1484 3840 sunt,
1507 3764 1623 3828 allerre
1651 3784 1715 3828 nou
1744 3761 1916 3828 absurdam
1941 3763 2048 3828 luerit.
2089 3765 2164 3848 Cpr.
2191 3787 2221 3850 p.

402 3888 472 3955 183.
495 3881 532 3952 Β.
553 3886 670 3968 „siponi
690 3881 743 3966 pir
760 3884 836 3968 ἔχων
868 3882 921 3969 τὴν
946 3889 1093 3967 starem,
1122 3882 1176 3948 oria
1203 3879 1402 3963 dammam
1432 3878 1463 3947 di
1491 3878 1527 3948 eb
1553 3882 1733 3956 rellania*
1775 3877 1925 3944 Sacrum
1950 3882 2014 3945 Lb.
2042 3879 2099 3958 lll,
2127 3888 2158 3952 1.
2185 3904 2222 3948 se

402 4015 555 4079 excusat,
586 4000 670 4087 qnod
698 3989 761 4064 non
790 4013 856 4064 ιιιιιι
883 3998 1005 4062 diserta
1030 3997 1141 4084 lingua
1168 4019 1242 4061 eum
1258 3997 1444 4081 praedicet,
1477 4019 1571 4083 quarn
1596 4019 1655 4083 par
1681 3999 1773 4062 locet.
1813 3996 1865 4062 Ne
1891 3995 2065 4084 Gregorius
2096 3999 2222 4085 σιιὶιὶοιιι

402 4115 639 4195 Nazianzenus,
660 4119 800 4181 omnium
820 4118 1008 4200 scriptorum
1028 4118 1170 4180 maxime
1191 4117 1223 4178 in
1245 4135 1318 4177 eum
1340 4114 1485 4192 infestus,
1506 4112 1538 4177 id
1560 4113 1689 4180 silentio
1710 4116 1876 4201 praeterit,
1901 4134 2089 4201 quamquam
2120 4117 2223 4182 detre-

401 4247 489 4300 ctare
511 4237 541 4298 ei
562 4234 685 4321 gloriae
706 4233 847 4298 audens.
867 4231 961 4297 Haec
981 4237 1066 4296 enim
1087 4231 1171 4316 apud
1193 4253 1265 4296 cunr
1287 4230 1450 4317 leguntur:
1472 4232 1512 4310 „d
1536 4231 1665 4311 odoror,
1694 4233 1736 4308 eit·
1754 4231 1839 4314 aiere,
1860 4233 2065 4318 ioyuisosoass’
2084 4230 2143 4301 Or.
2164 4233 2221 4300 lIl.

400 4373 431 4435 p·
453 4356 505 4422 51.
526 4352 568 4418 Α.

480 4443 498 4462 ”
550 4467 623 4532 ldae
645 4467 713 4531 lere
734 4479 808 4530 suut
827 4469 973 4542 virtutes,
994 4487 1073 4551 quas
1094 4467 1126 4529 in
1148 4461 1277 4528 loliano
1297 4463 1474 4529 laudandas
1495 4468 1684 4549 putavimus,
1702 4464 1816 4551 quibos
1836 4464 1981 4532 nolumus
2001 4467 2080 4532 vitia
2095 4467 2223 4555 singula

401 4607 580 4671 opponere,
599 4599 634 4647 ut
654 4582 840 4648 Ammianus
861 4581 883 4646 l.
904 4581 925 4645 l.
947 4582 1033 4660 lecit,
1054 4583 1111 4648 sed
1133 4585 1237 4668 potins
1259 4583 1450 4660 videbimus,
1472 4586 1580 4669 quanti
1603 4605 1661 4646 eae
1688 4584 1824 4648 virtutes
1850 4586 1977 4649 omnino
2004 4584 2222 4650 aestimandae

399 4705 474 4766 sint.
516 4699 586 4766 Nec
607 4703 693 4766 eninr
714 4699 852 4784 dignitas
874 4697 1011 4763 humana
1032 4702 1066 4764 in
1088 4721 1127 4763 eo
1149 4701 1253 4786 posita
1274 4713 1334 4776 cst,
1355 4714 1388 4763 ut
1410 4699 1468 4764 has
1490 4699 1603 4766 illasve
1624 4702 1757 4764 virtutes
1777 4699 1877 4778 colas,
1897 4699 1956 4766 sed
1984 4705 2087 4788 magis
2112 4703 2222 4780 relect,

400 4840 441 4883 ex
463 4840 524 4906 quo
545 4820 634 4884 lente
656 4830 723 4882 tota
743 4818 826 4881 ratio
846 4818 932 4880 ritae
954 4815 1136 4892 derivetur.
1166 4816 1271 4901 Atque
1293 4816 1346 4882 ltic
1366 4817 1494 4904 quidem
1514 4837 1673 4896 verentur,
1696 4838 1737 4880 oe
1758 4815 1866 4882 moltis
1885 4820 1997 4902 injusti
2017 4839 2090 4882 esse
2115 4819 2223 4884 ridea-

398 4957 477 4999 ronr.
520 4932 772 5022 Quamquamid
794 4953 853 4995 nos
874 4953 936 4996 non
957 4933 1121 5018 impediet,
1142 4935 1308 5020 quominus
1327 4955 1378 5012 aa,
1401 4955 1481 5020 quae
1504 4937 1671 5012 sentimus,
1702 4936 1736 4998 in
1757 4933 1896 4998 medium
1915 4935 2123 5021 proferamus.
2163 4936 2224 5001 Est

396 5065 503 5117 autem
524 5067 616 5118 aetus
637 5050 763 5137 aliquod
785 5048 912 5126 dictum,
933 5048 1016 5136 quod
1038 5049 1134 5115 bodie
1156 5049 1283 5136 quidem
1304 5050 1373 5114 lere
1401 5050 1526 5114 ridendi
1558 5064 1956 5130 nemorumnemorum,
1984 5073 2057 5117 esso
2086 5055 2222 5118 uirtutes
