4818 5800
1068 438 1126 520 17,

186 637 337 727 gestum!
380 637 484 702 Amm.
506 631 567 699 Lb.
588 636 640 708 23,
661 634 730 696 init.
772 629 898 710 „Quum
921 628 974 694 die
1000 631 1136 716 quodam
1159 651 1273 696 caussa
1299 631 1369 713 ejus
1397 629 1559 714 spectandi
1588 631 1715 694 senisse
1742 631 1902 698 nuntiatus
1926 646 2012 700 emet

186 777 232 820 ex
242 754 324 820 Asia
343 749 549 838 philosophus
571 747 743 827 Maximus,
765 747 894 813 exilivit
914 747 1063 812 indecore
1086 762 1128 826 et,
1142 749 1196 832 qui
1210 759 1297 811 esset
1316 743 1442 824 oblitus,
1464 746 1568 810 effuso
1591 767 1682 810 eursu
1704 766 1724 808 a
1746 744 2011 836 vestibulolouge

186 889 386 958 progressus,
408 867 625 933 exosculatum
646 879 886 952 susceptumque
907 874 1092 928 reverenter
1112 883 1220 928 secum
1241 861 1384 927 induxit'
1415 859 1658 928 Ammien,.Lb.
1678 865 1730 930 22.
1752 883 1781 946 p.
1802 865 1875 932 226.
1917 862 2011 929 Innu-

187 1009 276 1052 snera
293 985 386 1071 hujus
407 987 455 1050 rei
478 983 625 1068 exempla
646 1004 687 1048 ex
711 983 810 1067 ipsius
831 982 968 1067 scriptis,
988 982 1159 1065 praecipue
1180 1001 1225 1043 ex
1248 977 1392 1064 epistolis
1412 976 1687 1060 afferre-possem.
1711 976 1816 1043 Unum
1836 981 1916 1046 satis
1939 983 2009 1046 erit.

186 1105 244 1190 Ep.
265 1107 316 1174 60.
338 1102 386 1188 (p.
408 1099 488 1187 446)
510 1102 620 1166 scribit
640 1096 830 1174 Junsbllchu,
851 1119 886 1162 sc
908 1118 1023 1181 nuper,
1050 1117 1143 1183 quum
1166 1095 1275 1160 literas
1296 1092 1337 1162 ab
1359 1116 1398 1159 eo
1430 1094 1622 1178 accepisset,
1654 1097 1758 1158 subito
1787 1095 1950 1161 doloribus
1977 1111 2011 1162 et

187 1217 269 1284 ielsri
291 1216 462 1285 liberatum
484 1239 567 1295 esse,
589 1217 676 1301 ipsus
696 1213 806 1280 literas
831 1215 943 1312 iterpsn
965 1215 1140 1298 iterumque
1163 1210 1282 1298 legisse
1304 1225 1337 1276 et
1353 1233 1432 1296 prae,
1452 1211 1551 1274 nimio
1572 1231 1680 1275 amore
1701 1216 1782 1296 ejus,
1799 1215 1851 1298 qui
1866 1217 2010 1302 scripsis-

186 1347 247 1412 set,
268 1335 310 1399 ad
332 1357 368 1400 os
389 1335 533 1400 admotas
557 1327 732 1399 osculatum
753 1351 838 1406 esse,
859 1340 891 1394 st
913 1328 1014 1393 oculis
1035 1331 1234 1414 imposuisse.
1271 1326 1398 1392 Deinde
1420 1329 1478 1394 sub
1499 1325 1597 1391 linens
1619 1327 1772 1414 epistolae
1794 1328 1874 1394 haec
1895 1329 2009 1398 habet:

186 1448 490 1536 „ducusdsoiymuia
511 1455 553 1531 τῷ
573 1456 617 1531 σῷ
634 1451 794 1536 χιτωνίσκῳ
815 1446 1005 1531 προςάψαιμι
1027 1441 1063 1512 ἂι
1084 1445 1184 1529 ἡδίους,
1205 1441 1253 1512 ἵνα
1282 1469 1337 1512 σου
1359 1443 1436 1512 κατὰ
1456 1443 1543 1529 pudic
1558 1447 1778 1532 ἀπολειποίμην,
1800 1446 1876 1514 ἀλλὰ
1896 1452 2008 1534 συνείην

187 1567 233 1636 ἀεὶ
255 1565 306 1636 καί
327 1574 462 1654 πανταχῆ
483 1568 706 1653 προςφεροίμηι,
724 1563 819 1650 ὥοπερ
841 1562 893 1639 uit·
919 1566 949 1632 οί
970 1569 1065 1647 μῦθοι
1092 1570 1204 1646 διφυεῖς
1225 1561 1408 1648 ἀνθρώπους
1437 1563 1645 1629 πλάττουσιν..”
1688 1559 1783 1626 'Pelia
1811 1587 1905 1651 quum
1932 1571 2009 1632 scri·

185 1683 264 1750 here
285 1696 394 1772 posset
414 1686 536 1769 privato
558 1684 688 1760 homini,
711 1679 751 1745 ab
773 1683 859 1746 omui
881 1693 966 1744 certe
986 1681 1073 1744 iustu
1094 1691 1126 1742 et
1146 1679 1295 1764 superbia
1312 1677 1440 1744 alienus
1461 1691 1539 1742 erat.
1560 1676 1629 1744 Nec
1650 1679 1718 1742 lere
1741 1681 1910 1768 quidquam
1921 1683 2009 1751 aliud

187 1804 291 1887 magis
312 1804 346 1866 in
367 1823 407 1865 eu
429 1800 620 1864 laudandum
648 1797 782 1862 videtur.
825 1793 897 1872 Quo
925 1799 1007 1860 enirn
1039 1793 1165 1860 facilius
1189 1795 1235 1866 in,
1251 1792 1311 1858 hoc
1340 1807 1472 1879 peccant
1497 1797 1673 1882 principes,
1707 1817 1747 1860 eu
1776 1800 1879 1884 magis
1906 1799 2008 1879 decet,

186 1922 215 1984 si
237 1921 306 2004 quis
327 1939 482 2004 nunquam
500 1937 535 1980 se
561 1915 719 1981 huminem
742 1890 813 1979 esse
836 1911 1052 1987 obliviscitur,
1072 1911 1247 1996 eodemque
1275 1910 1365 1987 loco,
1399 1933 1461 1997 quo
1493 1910 1633 1998 reliquus
1661 1910 1822 1992 hunricus,
1843 1937 1880 1980 aa
1905 1935 2006 1988 orrum

186 2150 359 2239 periculum
383 2163 441 2228 eat,
462 2171 502 2214 ua
530 2152 558 2214 is
579 2151 612 2213 in
633 2150 774 2213 maxiruo
801 2166 901 2232 reguo
929 2146 1076 2208 minimus
1101 2164 1161 2208 rex
1188 2144 1374 2222 inveniatur.
1416 2140 1510 2219 Quod
1543 2155 1648 2210 autem
1677 2159 1796 2211 tanturn
1824 2151 1856 2214 in
1878 2149 2007 2220 iuliano

186 2267 395 2336 humilitatem
416 2265 473 2332 illo
496 2287 577 2330 aevo
598 2263 687 2330 multi
708 2265 924 2347 vituperaruut
946 2258 1154 2343 („laudabant
1175 2259 1242 2339 alii,
1262 2261 1389 2347 quidam
1417 2273 1451 2324 ut
1477 2243 1709 2326 affectatum‘et
1729 2264 1795 2329 vila
1818 2269 2006 2352 carpebant‘

187 2386 287 2452 Amin.
307 2382 369 2451 Lb.
391 2387 442 2454 22.
463 2405 493 2468 p.
514 2384 612 2465 226.),
632 2379 666 2444 id
688 2379 815 2467 quidem
834 2397 986 2462 perverse
1003 2375 1215 2459 judicantium
1238 2377 1371 2455 ridetur,
1391 2379 1453 2442 uisi
1475 2378 1558 2465 quod
1578 2375 1739 2444 lulianum
1760 2385 1862 2469 rrragis
1882 2391 2008 2454 ratione

187 2515 282 2588 atque
305 2499 437 2565 consilio
459 2498 555 2564 adid
578 2497 744 2563 adductum
764 2494 865 2560 luisse
886 2515 979 2580 quam
1000 2492 1071 2557 sula
1093 2508 1204 2559 natura
1224 2492 1407 2579 impellente
1429 2507 1586 2580 putamus,
1607 2496 1741 2562 eundem
1763 2501 1918 2568 interdurn
1940 2506 2007 2591 plri-
2092 2527 2099 2546 ⁹

186 2618 338 2706 losuphos
361 2637 456 2682 coeco
478 2615 612 2702 quodam
634 2612 738 2680 studio
761 2610 943 2697 amplexum
967 2631 1048 2674 esse.
1072 2609 1122 2679 ct.
1143 2609 1309 2696 ep.38.').
1348 2606 1456 2687 Quare
1472 2613 1642 2698 Eutropius
1662 2610 1708 2692 X,
1730 2617 1788 2686 16:
1806 2616 1864 2696 „ln
1885 2625 2006 2690 amima

187 2735 340 2814 liberalia,
362 2734 419 2800 sed
442 2736 545 2798 urinas
566 2732 712 2819 diligens,
734 2750 827 2816 quarn
849 2739 969 2792 tanturn
991 2728 1164 2812 principem
1186 2707 1469 2808 deeui13'iuecuut
1490 2732 1575 2796 enim
1607 2729 1765 2812 nonnulli,
1794 2738 1847 2820 qui
1875 2738 2006 2806 vulnera

186 2853 309 2942 gloriae
331 2855 401 2936 ejus
422 2849 600 2917 inferrent.”

336 2966 408 3034 lam
430 2969 577 3051 pietatem
601 2963 786 3029 nouaclum
810 2963 935 3047 seriptis
956 2972 989 3026 et
1009 2957 1206 3026 orationibus
1226 2962 1389 3047 professus
1412 2977 1475 3042 est,
1496 2963 1649 3052 aliisque,
1680 2979 1713 3032 ut
1735 2967 1885 3048 colerent,
1907 2978 2007 3040 suasit

186 3085 242 3173 (cf.
262 3086 474 3172 fragmentum
495 3082 650 3168 epistolae
672 3104 701 3167 p.
724 3083 828 3150 288-
841 3083 915 3156 305,
936 3099 1007 3164 epp·
1028 3075 1079 3147 la.
1099 3076 1178 3160 da),
1198 3077 1256 3141 scd
1279 3080 1375 3142 etiam
1398 3091 1484 3145 tanto
1507 3080 1620 3146 ardore
1641 3086 1710 3169 ipae
1732 3073 1867 3165 colebat,
1889 3103 1922 3154 ut
1947 3112 2005 3177 per

186 3215 284 3268 tutans
306 3203 401 3267 ritem
424 3198 500 3265 nihil
523 3201 682 3286 antiquius
703 3197 848 3273 haberet,
869 3218 962 3282 quam
988 3207 1021 3258 ut
1042 3196 1094 3279 pie
1115 3207 1286 3282 sancteque
1307 3193 1398 3260 Deos
1419 3212 1634 3286 veneraretur.
1677 3196 1781 3275 quun
1803 3216 1908 3269 autern
1930 3206 2007 3272 dua·

187 3318 247 3383 bus
266 3318 463 3405 potissimum
486 3314 671 3392 rationibus,
692 3327 842 3400 utsupra
863 3312 981 3377 dictum
1003 3325 1062 3389 eat,
1083 3307 1172 3376 Deos
1196 3310 1290 3377 uobis
1311 3311 1462 3377 colendos
1482 3327 1619 3398 putaret,
1641 3330 1675 3380 ut
1696 3319 1844 3386 etstudio
1862 3325 2006 3390 veritatis

187 3435 382 3512 duceremur,
404 3448 436 3498 et
458 3435 523 3496 vita
547 3431 692 3516 cultuque
712 3431 783 3515 ipsa
805 3451 914 3494 ornnes
935 3451 988 3493 res
1003 3441 1128 3494 nostras
1141 3429 1179 3493 ad
1192 3451 1250 3494 eos
1263 3429 1463 3508 referremus,
1484 3433 1664 3517 utriquerei
1678 3431 2005 3504 Julianusmaximam

187 3572 317 3637 operam
345 3549 442 3616 dedit.
495 3545 602 3626 Quum
622 3550 705 3612 eninr
729 3549 861 3612 verimte
883 3543 1063 3632 indaganda
1084 3560 1116 3610 et
1136 3567 1259 3612 murum
1278 3549 1461 3634 integritate
1487 3546 1577 3612 Deua
1596 3547 1721 3613 colebat
1748 3565 1781 3616 et
1814 3554 2005 3634 imitabatur,

187 3682 252 3734 tum
273 3667 388 3734 cultum
411 3664 552 3732 divinum
574 3667 659 3730 omni
690 3667 814 3728 ratione
845 3661 995 3729 studebat
1023 3684 1151 3748 surgere.
1200 3659 1320 3740 Quare,
1341 3665 1416 3748 quia
1437 3677 1545 3728 vetere
1574 3665 1716 3728 instituto
1746 3671 1900 3734 sancitum
1926 3685 2005 3749 erat,

187 3799 221 3850 ut
248 3787 456 3870 imperatores
484 3782 618 3846 llomani
647 3803 683 3845 se
712 3779 882 3846 Pontifices
908 3777 1069 3844 Maximae
1099 3778 1306 3866 appellandus
1335 3792 1497 3856 curarent,
1529 3777 1581 3843 lrio
1602 3802 1665 3846 nun
1688 3782 1757 3848 solo
1779 3787 1906 3848 nornine
1934 3807 2006 3853 earn

188 3902 372 3990 dignitatem
394 3883 554 3976 assisiusit,
575 3898 631 3964 sad
654 3900 760 3962 omnia
782 3916 912 3962 uruuera
933 3895 1175 3983 religiosissime
1196 3899 1302 3973 subiit,
1324 3907 1359 3961 ut
1381 3897 1437 3960 six
1459 3895 1624 3980 dijudicari
1646 3913 1765 3983 posset,
1787 3912 1890 3966 utrum
1907 3905 2007 3989 impe·

187 4021 305 4084 ratoria
333 4038 373 4081 an
401 4013 574 4102 pontificali
603 4014 758 4102 dignitate
785 4017 887 4101 magis
914 4013 1085 4080 laetaretur
1111 4017 1177 4101 ⁴⁸⁴).
1225 4010 1333 4089 Quare
1363 4016 1465 4098 ipsum
1493 4035 1641 4079 cerneres
1673 4015 1714 4079 ad
1747 4035 1838 4082 sacra
1858 4018 2006 4085 iacienda

187 4134 275 4221 ligna
295 4133 436 4218 aliasque
458 4153 511 4196 res
532 4133 731 4196 necessariae
752 4152 937 4217 congerere,
959 4136 1061 4216 ipsum
1077 4134 1221 4196 victimas
1238 4131 1281 4195 ad
1302 4151 1374 4194 aras
1388 4143 1526 4194 mamare
1545 4128 1714 4213 (Libanius
1729 4152 1756 4216 p.
1770 4131 1867 4214 siun.
1911 4133 2005 4212 Quod

186 4273 281 4340 quam
301 4251 452 4336 religiose
473 4250 597 4325 lecerit,
613 4247 723 4311 videre
744 4247 818 4312 licet
835 4269 879 4314 ex
901 4251 941 4314 iis
962 4247 1116 4334 epistolis,
1136 4250 1250 4334 quibus
1271 4246 1472 4312 sacerdotum
1493 4245 1600 4312 olficiu
1620 4246 1694 4312 aliis
1716 4252 1858 4334 exponit.
1894 4251 2007 4338 (Frag-

187 4379 328 4434 mentum
355 4388 422 4451 ep.,
452 4386 522 4450 epp.
548 4363 600 4434 49.
627 4366 703 4448 fia).
747 4363 892 4450 Epistula
917 4368 968 4436 62.
994 4363 1113 4451 aliquid
1141 4362 1394 4430 Christianorum
1416 4365 1733 4430 excommunicationi
1755 4365 1859 4432 simile
1881 4366 2007 4455 legitur.

188 4481 294 4561 Quum
315 4486 398 4548 enisu
422 4481 551 4570 quidam
571 4479 769 4547 sacerdotem
792 4481 1003 4561 verberasset,
1033 4503 1104 4546 euru
1132 4500 1189 4565 pro
1211 4482 1398 4545 auctoritate
1426 4503 1485 4544 aua
1514 4477 1705 4566 pontificali,
1728 4497 1760 4546 ut
1786 4487 1927 4570 puniret,
1951 4507 2007 4570 per

238 4773 264 4836 ⁹)
286 4772 361 4827 Quod
379 4771 523 4834 Gregorius
541 4771 607 4822 Nes.
625 4773 697 4820 Orat.
717 4771 759 4818 iv.
778 4783 802 4831 p.
823 4771 878 4818 12⁰.
898 4769 930 4818 u.
947 4771 1047 4828 narrat,
1065 4783 1124 4818 eum
1143 4770 1239 4818 mulius
1256 4783 1289 4817 ex
1309 4767 1480 4816 familiaribus
1497 4765 1552 4816 sula
1570 4767 1663 4830 iisque,
1683 4783 1747 4830 quus
1765 4783 1797 4817 es·
1816 4769 1912 4819 scholis
1932 4773 2006 4820 Asia-

289 4856 350 4906 tisls
363 4862 532 4919 cognoverat,
552 4856 626 4904 sanis
644 4855 789 4920 promissis,
809 4861 838 4904 ut
857 4855 890 4905 ad
909 4868 938 4904 ae
955 4853 1086 4917 venirent,
1106 4855 1241 4914 invitasse,
1262 4860 1353 4916 postes
1371 4853 1474 4902 iniectis
1495 4853 1572 4901 rebus
1590 4853 1741 4918 demisisse,
1768 4854 1795 4902 id
1821 4854 1882 4902 miii
1905 4859 2008 4916 quidem

290 4941 393 4990 ridetur
405 4939 462 4988 lieri
473 4939 599 5001 potuisse.
617 4941 669 4988 Sed
681 4941 756 5002 eulpa
769 4940 825 5001 eiua
836 4941 874 4989 rei
886 4939 950 5003 ipsis
960 4939 1014 4988 iilis
1028 4939 1118 4990 amieis
1126 4940 1275 5006 tribuenda,
1290 4941 1333 5001 qui
1345 4939 1371 4988 in
1386 4937 1553 4999 simplicitate
1564 4939 1730 5000 imperatoris
1742 4953 1794 4986 nou
1804 4939 2008 5001 acquiescerent.

222 5047 263 5106 ⁸¹)
286 5045 345 5103 lpse
361 5041 495 5104 iudignum
514 5056 542 5087 se
560 5040 597 5088 sit
615 5041 663 5089 hoe
683 5055 791 5091 munere
808 5044 847 5106 (p.
868 5045 926 5092 228.
945 5043 988 5104 ti.)
1008 5031 1101 5106 „ditor
1124 5042 1168 5106 pls
1190 5032 1308 5108 or'sdupuie
1331 5031 1479 5108 πράγματος
1503 5031 1636 5096 τοσούτου,
1658 5032 1810 5104 βουλόμενοι
1832 5037 1859 5090 di
1879 5041 1944 5092 aim
1964 5044 2008 5093 aui

286 5116 484 5195 προςιοχόμιιοι
502 5114 544 5174 ciel
560 5125 612 5181 τοῖς
631 5119 729 5180 occu?

1587 5224 1608 5290 3
