4818 5800
1111 428 1133 506 'l

212 616 402 680 solentium
431 627 466 679 et
494 615 657 679 immutuit!
687 616 862 679 constitutio
889 613 959 702 (τὴν
987 615 1142 701 ἁπλόορτα
1169 622 1228 684 τῶν
1254 616 1381 702 variotur
1406 614 1480 700 μετὰ
1507 620 1562 682 τοῦ
1590 613 1812 686 emmenum)
1831 624 1910 687 κατὰ
1934 610 2033 680 sudrei

211 735 336 817 μονίμου
357 754 387 818 p·
409 727 555 816 libb),
576 753 646 796 cum
667 728 794 796 Beato
814 736 1009 816 operationis
1030 733 1234 819 multiplicem
1255 736 1410 800 rationem
1432 730 1482 820 (τὸ
1503 732 1638 818 μεριστὸν
1654 738 1706 818 τῆς
1727 726 1943 817 δημιουργίας),
1960 750 2032 794 cunr

211 849 359 936 Apolline
373 847 768 936 Mutogtttesymmetriattt
790 847 837 932 (td
858 856 911 934 τῆς
932 853 1087 936 tollenono
1105 853 1284 937 οομμοτρίαα
1304 851 1354 920 καὶ
1375 857 1478 936 νοερᾶς
1498 848 1657 936 κράσεως),
1679 851 1813 936 danique
1826 869 1898 912 nttm
1910 845 2033 910 Aescu·

210 1084 307 1169 igitur
327 1083 622 1170 diversosqnidem
643 1085 725 1148 inter
752 1104 788 1147 te
816 1083 958 1170 singulus
988 1084 1062 1150 illos
1089 1085 1190 1164 Deos,
1215 1089 1262 1151 itu
1289 1100 1406 1163 tamen,
1427 1099 1460 1151 ut
1483 1107 1593 1151 ornnes
1614 1106 1679 1149 ono
1699 1086 1789 1169 qrrasi
1811 1082 1935 1158 vinculo
1958 1103 2032 1147 cou-

206 1202 309 1284 juncti
330 1215 507 1280 tenuentur,
535 1203 682 1288 quoniam
709 1221 820 1266 ornnes
849 1222 870 1265 a
896 1201 972 1266 Sole
1003 1206 1068 1266 vim
1095 1225 1185 1268 snam
1211 1203 1360 1268 babeant.
1403 1200 1494 1279 Quae
1517 1205 1697 1286 conjunctio
1717 1212 1750 1264 ut
1772 1198 1943 1278 efficiatur,
1961 1197 2031 1264 Soli

211 1316 391 1384 attributam
414 1339 486 1384 esse
508 1317 688 1382 blinamma
714 1317 881 1402 providam
907 1319 1100 1406 (πρόνοιαν),
1127 1342 1220 1406 quam
1247 1343 1340 1406 quma
1364 1342 1388 1384 e
1411 1323 1528 1384 vertice
1554 1316 1646 1384 Joais
1672 1318 1706 1402 *l
1722 1366 1726 1376 .
1745 1329 1846 1382 ortum
1864 1316 2031 1381 babuisse

210 1433 339 1500 fabulae
369 1434 517 1515 narrent,
540 1433 688 1500 lrdianns
714 1448 812 1500 tutam
840 1457 884 1500 ex
911 1449 978 1503 toto
1006 1436 1084 1502 Sole
1107 1459 1183 1523 rege
1211 1439 1368 1522 prodiisse
1395 1437 1472 1514 vult,
1497 1440 1532 1502 in
1559 1439 1631 1520 ipso
1661 1432 1919 1518 comprehensum
1947 1432 2030 1518 (ὅλην

210 1553 241 1632 ἐξ
258 1550 332 1620 ileu
352 1559 407 1621 τοῦ
424 1553 567 1640 βασιλέως
581 1551 687 1620 Ἡλίου
705 1559 920 1640 προβλρθῆοαι,
942 1555 1130 1640 συνεχομένην
1150 1557 1181 1622 ἐν
1201 1557 1284 1636 nied
1304 1577 1334 1639 p·
1358 1555 1427 1625 tto.
1448 1555 1516 1634 Δ.).
1559 1550 1650 1630 Quae
1672 1573 1766 1640 quum
1787 1550 1929 1636 perfecte
1944 1548 2031 1614 Solis

210 1691 301 1736 mens
323 1683 355 1734 et
376 1672 458 1742 tutio
479 1672 590 1752 (uisui
606 1669 704 1738 οελοόα
724 1671 825 1755 adnutu
842 1691 872 1756 p·
895 1675 965 1742 ¹49·
987 1669 1034 1751 D)
1055 1669 1201 1736 babeuda
1226 1674 1280 1749 ait,
1307 1693 1378 1737 earu
1399 1693 1509 1736 omnes
1530 1669 1604 1735 illos
1626 1667 1726 1746 Deos,
1753 1671 1808 1754 qui
1835 1665 1944 1732 Solem
1973 1668 2032 1734 c'n·

210 1801 377 1867 cumstent,
405 1792 437 1854 iu
457 1809 552 1854 uuum
583 1788 781 1866 contrahere,
803 1809 867 1852 non
894 1788 1087 1854 confundere
1118 1803 1222 1855 tumeo
1243 1789 1418 1870 (συνάπτειν
1440 1792 1507 1875 δίχα
1526 1787 1689 1876 οπμχόοεως
1709 1787 1751 1861 οἷς
1772 1785 1883 1852 ἕνωσιν.
1923 1782 2030 1862 lbid.).

211 1904 266 1970 Sin
287 1907 386 1992 igitur·
404 1906 596 1990 respondere
618 1927 760 1981 munera,
782 1925 863 1992 quae
880 1904 936 1970 Sul
957 1908 1041 1970 iuter
1064 1905 1279 1993 intelligentes
1301 1906 1379 1971 dens
1401 1905 1507 1984 obeat,
1528 1907 1579 1982 iis,
1601 1923 1682 1991 qnae
1703 1923 1860 1988 apparens
1874 1899 1930 1966 Sol
1947 1902 2031 1966 inter

209 2041 262 2086 res
283 2023 424 2110 deusque
446 2035 646 2110 apparentes,
666 2035 701 2087 ut
722 2035 753 2086 et
773 2025 885 2109 gignat
906 2035 937 2087 et
959 2037 1129 2089 onurmntet
1149 2037 1180 2088 et
1201 2027 1234 2088 in
1255 2045 1350 2088 unum
1372 2027 1563 2109 conjungat„

359 2127 546 2206 Haeo-lere
574 2153 657 2219 suut,
686 2160 769 2226 qnae
796 2137 943 2204 Julianus
965 2140 1004 2205 tle
1026 2154 1139 2206 natura
1159 2140 1290 2206 deornm
1312 2141 1492 2226 disputavit.
1534 2137 1681 2223 Neopto
1703 2137 1858 2223 angrutiis
1878 2135 1972 2218 hujus
1993 2131 2031 2198 li-

209 2255 287 2321 belli
305 2257 431 2345 singula
457 2256 566 2322 liooblt
593 2260 769 2322 accuratius
798 2279 993 2341 exponeres
1022 2257 1094 2323 Hoc
1122 2277 1217 2324 nuum
1239 2258 1429 2336 addendum,
1456 2256 1538 2343 qnod
1560 2253 1716 2333 Julianus,
1737 2266 1901 2342 postquam
1924 2273 1944 2314 a
1964 2249 2030 2316 fide

209 2373 393 2441 Christiana
405 2375 450 2439 ad*
460 2374 597 2461 gentilem
611 2374 751 2453 deiecit,
762 2395 831 2439 cum
848 2374 918 2453 bac,
940 2397 1032 2461 quam
1047 2380 1264 2462 exposuimus,
1286 2373 1489 2462 philosophia
1509 2372 1683 2438 concordes
1704 2371 1838 2442 reddere
1861 2368 1947 2455 vulgi
1964 2369 2031 2453 opi-

208 2495 324 2556 niones
345 2490 531 2578 fabulasque
554 2500 718 2577 potiturum
748 2491 877 2568 studuit,
907 2493 989 2579 quod
1015 2493 1173 2559 interdum
1194 2495 1372 2579 ingeniose,
1403 2492 1488 2556 haurd
1509 2511 1583 2556 raro
1604 2505 1708 2562 tamen
1733 2489 1832 2552 nimia
1853 2498 1921 2552 arte
1942 2484 2031 2548 vide·

208 2612 260 2672 tur'
279 2609 463 2694 perfecisse.
506 2607 673 2694 cujusrei
699 2609 796 2676 multa
818 2609 969 2695 exempla
996 2611 1097 2676 babes
1125 2613 1157 2675 iu
1180 2625 1272 2676 oratt.
1293 2611 1343 2676 tv
1365 2625 1398 2674 et
1420 2608 1462 2673 V.
1504 2608 1628 2672 Putavit
1650 2620 1755 2672 eutem
1776 2605 1922 2690 unoquos
1944 2602 2030 2686 cugi-

208 2737 274 2788 tutn
296 2747 353 2789 sua
372 2701 491 2791 fabulis
512 2725 703 2803 involvisse,
724 2739 758 2790 ut
779 2730 906 2812 cognita
934 2727 1130 2792 absurditate
1158 2731 1206 2793 rei
1227 2730 1267 2792 ad
1290 2732 1390 2813 ipsam
1411 2729 1578 2791 ueritatem
1600 2722 1823 2788 inveniendam
1845 2739 2030 2786 ueneremur

207 2843 388 2918 (ἐσκέπασαν
419 2842 497 2910 αὐτὰ
525 2844 637 2928 μύθοις
657 2845 846 2929 παραδόξοις,
880 2843 928 2912 iau
949 2844 998 2912 ded
1018 2853 1073 2914 ποῦ
1094 2847 1264 2931 παραδόξου
1286 2847 1336 2915 καὶ
1357 2846 1593 2930 desponderent·
1614 2840 1649 2909 τὸ
1671 2841 1794 2924 πλάσμα
1815 2836 1957 2924 φωραόὲα
1978 2835 2026 2904 ἐπὶ

207 2958 260 3045 τὴν
280 2961 395 3046 ζήτησίν
415 2961 492 3044 ἡμᾶς
515 2967 567 3045 τῆς
588 2963 731 3046 ἀληθείας
750 2964 905 3048 προτρέψρ
931 2986 961 3049 p·
987 2969 1057 3035 170.
1084 2963 1151 3046 Α.).
1193 2964 1301 3050 Vulgo
1328 2937 1454 3050 quidem
1474 2961 1622 3027 sulficere
1644 2949 1880 3024 convertatis
1894 2957 2028 3019 luctuum

207 3076 297 3155 (duur
318 3080 359 3154 eiu
378 3077 434 3154 τὰς
455 3083 514 3144 ποῖα
534 3086 652 3146 πολλῶν
668 3078 761 3156 ἀκοὰς
782 3081 818 3146 oti
840 3079 1054 3165 δυααμόααςοόι
1074 3093 1146 3148 θεῖα
1167 3088 1310 3167 καθαρῶς
1331 3081 1485 3160 δέξασθαι,
1507 3081 1543 3146 δι’
1557 3077 1735 3164 αἰνιγμάτων
1758 3075 1861 3149 αὐτοῖς
1880 3069 1956 3156 μετὰ
1975 3076 2028 3154 τῆς

206 3196 314 3278 μόθων
334 3199 524 3280 numerorius
544 3199 672 3284 ἐγχέομαι
686 3201 801 3284 poto·
817 3195 885 3283 (λ),
906 3199 963 3262 ssd
988 3198 1142 3276 beminen,
1165 3202 1218 3286 qni
1239 3200 1405 3283 prudentia
1427 3195 1654 3266 antecellerent
1675 3194 1758 3281 (τοῖς
1782 3187 2027 3275 suturnicensis

207 3314 260 3399 τήν
280 3313 419 3398 φρόνησιν
433 3337 464 3400 p·
480 3319 542 3384 170
565 3311 621 3399 Β.)
643 3315 763 3400 impelli
784 3316 885 3381 lotura
907 3315 963 3378 illa
984 3318 1194 3401 aenigmatica
1215 3317 1257 3382 ad
1274 3315 1527 3401 investigandam
1551 3315 1727 3389 veritatem,
1750 3322 1782 3374 ut
1799 3311 1841 3375 ad
1861 3310 1909 3372 rei
1929 3307 2028 3372 finem

208 3443 240 3494 ot
259 3433 351 3518 quasi
371 3433 521 3495 nemiuem
542 3431 596 3517 (tu
611 3433 695 3508 τέλος
715 3430 764 3500 uui
787 3431 884 3519 ὥσπερ
904 3433 1035 3519 κορυφήν
1055 3433 1155 3518 lbid.)
1176 3432 1441 3518 contemplatione
1467 3435 1662 3517 perveniant.
1704 3428 1759 3492 Sic
1777 3426 1871 3492 facile
1893 3427 2027 3509 adeptus

206 3563 267 3626 eat,
287 3561 321 3612 ut
341 3547 571 3634 philosophans
587 3571 658 3614 eum
678 3549 834 3636 religione
855 3551 966 3636 gentili
988 3554 1166 3615 consentire
1181 3549 1242 3614 sibi
1264 3550 1435 3614 videretur.
1476 3549 1568 3613 Prius
1602 3560 1724 3624 autem,
1756 3565 1847 3630 quam
1870 3541 2026 3628 judicium

207 3666 355 3741 feratoris,
377 3666 419 3730 ad
447 3665 579 3730 alteram
602 3680 724 3750 partem
746 3681 872 3733 nostrae
894 3670 1087 3753 quaestionis
1110 3669 1323 3746 transibimus,
1343 3679 1380 3732 nt
1400 3667 1579 3743 uideamus,
1601 3665 1677 3749 quid
1695 3662 1840 3729 Julianus
1868 3660 1908 3725 de
1929 3658 2026 3723 bomi-

206 3781 299 3848 nibus
320 3785 474 3848 statuerit.

356 3898 492 3964 Omnem
512 3911 617 3965 erstem
639 3904 771 3965 orttuino
792 3901 941 3965 rutundum
964 3903 1005 3967 ab
1029 3917 1161 3967 aeterno
1182 3904 1298 3968 fartum
1321 3925 1394 3968 este
1423 3915 1455 3966 et
1476 3902 1640 3964 exstitisse
1660 3896 1805 3962 Julianus
1827 3897 1949 3981 putavit
1975 3895 2013 3978 (p

205 4017 277 4088 ll5·
298 4015 337 4083 D.
360 4017 469 4102 ὑπέστη
489 4017 541 4102 μία
563 4015 616 4086 οὖα
637 4017 704 4104 περὶ
719 4017 811 4086 αὐτὸν
833 4017 902 4102 [τόν
918 4017 1043 4104 Ἥλιον]
1076 4021 1288 4105 όφαιαόμεαος
1311 4021 1461 4108 adonemi}
1481 4021 1603 4096 αἰῶνος,
1626 4017 1712 4102 ἕδραν
1741 4015 1771 4082 di
1798 4016 1855 4101 ἔχει
1882 4013 1917 4080 τὸ
1947 4039 2024 4097 περι-

205 4136 327 4218 κόσμιοα
348 4141 412 4219 φῶς
431 4138 460 4214 ἐξ
481 4138 596 4211 abiron·
618 4135 683 4221 οόχλ
698 4143 749 4202 νῦν
769 4135 830 4220 μὲν,
847 4137 915 4204 τότε
938 4135 969 4204 di
985 4134 1030 4204 orl·
1052 4135 1121 4206 eddi
1145 4137 1251 4206 ἄλλοτε
1271 4137 1376 4215 ἄλλως·
1405 4138 1451 4205 ciel
1473 4135 1503 4203 ti
1523 4135 1674 4209 ὡσαόπως,
1702 4134 1743 4196 of.
1770 4153 1866 4218 supra
1893 4153 1922 4215 p.
1954 4135 2023 4200 132.

205 4253 241 4318 C.
264 4264 345 4336 etp·
368 4257 439 4321 171.
461 4252 498 4329 C,
519 4253 569 4320 uui
590 4254 662 4319 οόδό
678 4281 753 4320 ποτε
773 4255 883 4338 γέγονεν
904 4253 953 4320 dus
972 4253 1011 4339 μὴ
1032 4261 1128 4322 ταῦτα
1148 4262 1255 4323 τοῦτον
1277 4254 1406 4343 ἔχειτὸν
1432 4254 1552 4339 τρόπον,
1580 4251 1669 4336 όνπερ
1689 4256 1740 4318 οὖν
1765 4252 1847 4336 ἔχει),
1875 4271 1934 4314 nec
1961 4249 2024 4312 nisi

205 4369 426 4453 disputationis
447 4391 647 4450 caussarum
672 4369 911 4456 aplrilnsnpbis
931 4372 977 4438 ita
999 4371 1107 4450 dividi,
1130 4385 1163 4438 ut
1189 4371 1359 4462 aliquando
1380 4370 1511 4436 muudus
1539 4393 1582 4434 ex
1604 4369 1677 4434 Deo
1706 4368 1862 4454 prodiisse
1891 4368 2024 4435 dicatur.

204 4483 254 4549 Ita
276 4498 308 4548 et
329 4506 349 4548 a
370 4484 499 4550 Platone
518 4499 549 4550 et
570 4511 590 4552 a
611 4485 790 4552 Jambliolro
811 4489 927 4552 lactum
950 4509 1023 4552 csse
1043 4492 1098 4566 ait,
1120 4503 1153 4554 ut
1169 4493 1391 4576 temporariam
1413 4487 1569 4575 quandam
1592 4487 1699 4552 mundi
1722 4487 1920 4551 effectionem
1941 4484 2023 4570 (χρο

205 4603 284 4687 ααήο
306 4629 373 4669 τινα
393 4605 508 4688 ποίησα
529 4626 559 4687 μ.
582 4605 652 4674 tto.
675 4603 733 4690 A.)
754 4617 919 4690 ponerent,
940 4626 1001 4692 quo
1023 4608 1205 4694 magnitudo
1232 4629 1359 4684 eorum,
1388 4627 1468 4692 quae
1498 4627 1518 4668 a
1538 4603 1611 4668 Deo
1637 4603 1882 4691 perficerentur,
1909 4601 2022 4668 melius

204 4734 312 4803 posset
333 4717 479 4806 intelligi.
522 4718 639 4789 'Potum
663 4737 767 4786 antem
789 4721 938 4786 inondum
960 4743 1055 4788 unum
1078 4723 1301 4801 noeentum,
1327 4727 1431 4788 anima
1453 4737 1486 4786 et
1505 4735 1611 4787 ruente
1642 4721 1819 4806 praeditum
1840 4719 1875 4804 (ὀ
1903 4718 2022 4800 σύμπας

204 4835 313 4922 adeptos
337 4838 367 4904 ἕν
388 4839 449 4905 ἐστι
470 4839 552 4916 ζῶον,
574 4836 644 4906 dieu
658 4841 693 4906 δι’
717 4837 787 4923 όλης
808 4845 906 4928 ψυχῆς
927 4839 976 4908 καὶ
997 4847 1050 4907 νοῦ
1072 4847 1187 4928 πλῆρες,
1207 4843 1317 4910 τέλειον
1339 4842 1370 4908 δὲ
1391 4845 1422 4910 ἐκ
1436 4847 1535 4926 μερῶν,
1551 4841 1668 4907 τελείαν
1689 4861 1720 4926 p·
1745 4841 1814 4908 139·
1841 4833 1906 4924 B.),
1926 4835 2021 4922 idque

269 5087 296 5162 ⁸)
316 5093 363 5144 Sol
379 5093 485 5142 loliano
502 5093 559 5142 lere
577 5091 644 5143 idem
662 5094 730 5155 quud
749 5095 835 5156 poem
851 5095 982 5162 luppiter,
1001 5097 1033 5145 oi.
1053 5111 1077 5159 p.
1097 5099 1153 5148 lto.
1173 5099 1200 5148 o.
1235 5088 1307 5150 uida
1323 5097 1452 5169 διαφέρον
1465 5089 1556 5150 Ἡλίου
1572 5093 1624 5146 Δία
1640 5088 1793 5162 νομίζοντος.
